2370 3840
108 191 129 255 6
539 186 687 258 Epistolae

107 338 270 401 eorundem
298 339 517 419 commissuriS,
544 336 643 417 libris,
669 328 785 397 venis²⁶
813 335 963 396 interdum
987 337 1127 417 reperiri,

107 447 195 489 ranas
215 420 415 507 venenatas²⁷,
434 444 509 506 quae
529 444 565 486 ex
585 425 685 487 colore
705 443 794 505 quem
811 424 923 485 habent
941 423 1127 487 subrubeum

108 536 218 578 nomeu
244 519 430 578 invenerunt.
475 513 595 576 Etenim
619 534 669 576 eas
693 516 789 576 nostri
811 513 953 575 metallici
975 513 1126 593 appellant

107 606 310 667 Fewrkrdten.
356 605 440 677 Quod
468 607 495 664 si
521 603 689 665 Mansleldii
718 605 931 664 commissurae
959 621 1020 663 non
1050 606 1126 664 exti-

106 703 209 757 terunt
231 696 393 776 evidentes,
417 692 540 754 dubium
563 700 700 774 nonest,
724 694 796 773 quin
820 710 890 752 saxo
914 692 1026 753 luerint
1050 695 1127 754 tanti

106 793 236 866 meatus,
264 786 368 865 quami
395 801 494 844 aerem
522 785 680 862 concipere
704 787 840 861 possent,
870 799 928 861 quo
951 780 1042 842 ducto
1066 784 1128 842 vita

44 928 46 932 .
108 881 189 935 esset
210 874 350 935 bestiae..
377 872 486 933 Maltlra
508 865 667 953 laeticiam,
691 890 749 951 qua
771 869 897 937 Romani
920 872 1128 932 incrustarunt

106 963 323 1043 aquaeductus,
356 960 489 1041 castella,
520 963 665 1042 piscinas,
698 979 735 1021 ex
768 958 877 1039 quibus
907 966 1038 1041 constet,
1070 960 1127 1021 tibi

108 1053 275 1131 significare
299 1070 359 1113 non
382 1069 517 1131 possum3
541 1050 674 1111 nondum
698 1051 777 1110 enim
801 1067 866 1108 eam
890 1047 1021 1109 dissolvi.
1068 1048 1127 1109 Ubi

107 1141 137 1201 id
166 1142 278 1222 fecero,
307 1158 341 1200 ea
369 1140 406 1200 dc
434 1149 467 1200 re
495 1138 532 1199 ad
559 1147 589 1199 te
619 1138 755 1200 scribam.
801 1137 915 1197 Rumor
937 1139 1033 1198 tristis
1057 1157 1126 1218 per-

107 1229 202 1290 fertur
225 1229 261 1290 ad
284 1247 339 1289 nos
363 1228 399 1288 de
423 1235 540 1288 mortuo
564 1227 680 1288 Valerio
704 1227 809 1289 Cordo.
847 1225 962 1287 Nollem
986 1229 1126 1289 iuvenem

107 1317 192 1378 illum
215 1317 303 1377 bonis
327 1317 433 1378 studiis
458 1324 602 1395 ereptum.
639 1317 705 1398 Qui,
729 1318 756 1377 si
775 1313 874 1376 divina
892 1315 1072 1398 benignitas,
1094 1316 1125 1377 id

106 1407 185 1486 quod
206 1425 303 1487 spero,
322 1407 350 1467 ei
369 1407 459 1466 vitam
478 1405 629 1487 largietur,
650 1408 861 1485 sempiternam
878 1404 996 1466 laudem
1011 1407 1126 1467 auferet

107 1514 142 1557 ex
171 1515 204 1557 re
232 1496 377 1556 herbaria.
424 1494 465 1555 lle
494 1513 528 1554 eo
557 1502 587 1556 et
615 1502 718 1556 nostro
740 1493 878 1555 Fabricio
902 1496 928 1554 si
951 1494 1023 1574 quid
1048 1498 1127 1557 certi

105 1585 212 1668 habes,
237 1585 361 1646 obsecro
384 1591 427 1665 te,
450 1591 484 1645 ut
507 1584 543 1645 ad
567 1603 614 1645 mc
638 1583 797 1663 diligenter
819 1581 998 1663 perscribas.
1046 1583 1125 1656 Quin

105 1677 196 1735 etiam
220 1694 257 1736 an
280 1672 345 1736 dies
364 1673 496 1753 geniales
514 1672 672 1734 Alexandri
693 1671 729 1733 ab
748 1665 956 1733 Alexandris²⁹
974 1673 1052 1752 apud
1072 1692 1125 1733 vos

104 1765 223 1825 venales
256 1767 316 1825 sint
343 1771 373 1825 et
400 1765 503 1843 quanti
531 1769 679 1842 emantur,
713 1764 738 1822 si
765 1780 827 1823 non
855 1764 928 1841 sint,
960 1765 1027 1841 quis
1057 1781 1126 1824 eum

87 1852 216 1913 librum
239 1852 353 1913 habeat.
400 1850 514 1912 Salutat
535 1858 565 1912 te
589 1848 748 1911 Hertelius.
793 1850 871 1912 Vale.

149 1959 369 2037 Kempnicii,
391 1957 439 2017 lll.
459 1955 518 2017 Cal.
537 1957 597 2017 lan.
621 1975 697 2017 anno
716 1957 753 2018 M.
772 1956 804 2018 D.
824 1955 906 2019 XLV.

700 2063 877 2142 Georgius
901 2063 1078 2143 Agricola.

350 2253 381 2325 6.
405 2255 440 2324 a.
459 2253 621 2341 Agricola
640 2254 693 2322 W.
711 2254 872 2325 lleuroro.

109 2360 310 2432 Kempnicii.
780 2424 785 2431 ,
880 2364 922 2417 11.
941 2359 1023 2416 Febr.
1045 2367 1124 2419 1545.

172 2474 292 2536 Clariss.
321 2481 351 2535 et
378 2474 499 2537 doctiss.
528 2475 704 2554 philosopho
733 2481 763 2534 et
789 2473 906 2534 medico
931 2475 957 2535 d.
982 2473 1020 2536 M.
1044 2474 1124 2536 volf-

105 2582 200 2644 gango
230 2563 367 2623 Meurero
400 2567 495 2624 amico
529 2582 591 2624 suo.
637 2563 763 2643 Lipsiae.
811 2564 880 2626 XV.
909 2566 998 2626 Febr.
1026 2566 1124 2626 1545.

109 2656 218 2728 deora.
242 2654 397 2728 Agricola.
431 2652 433 2656 ’
744 2696 746 2700 .

173 2742 202 2803 S.
229 2740 262 2802 D.
286 2739 434 2801 Valerium
462 2739 592 2801 Cordum
622 2743 654 2802 in
681 2740 784 2801 nobili'
803 2740 852 2801 illa
880 2744 1123 2822 peregrinatione

104 2833 137 2893 in
165 2849 268 2910 graves
291 2829 412 2890 morbos
436 2828 590 2909 delapsum
613 2833 778 2892 excessisse
802 2849 818 2891 e
842 2823 934 2891 vita⁸⁰
957 2830 1061 2892 multis
1086 2832 1122 2893 de

105 2923 204 2983 causis
236 2918 331 2980 doleo.
377 2919 456 2990 Quas
489 2937 569 2980 nunc
596 2927 755 2999 propterea
783 2921 930 3002 omittam,
963 2920 1042 3000 quod
1072 2940 1123 2982 eas

103 3010 160 3072 hoc
188 3017 322 3089 tempore
349 3027 406 3070 nec
429 3026 484 3088 ego
508 3010 573 3069 sine
597 3009 789 3069 acerbissimo
813 3011 904 3069 animi
928 3007 1030 3070 dolore
1053 3029 1127 3089 pos·-

104 3118 171 3160 sum
190 3117 365 3160 enumerare
384 3116 441 3159 nec
459 3104 501 3179 tu,
524 3105 557 3159 ut
576 3100 690 3179 opinor,
709 3097 808 3176 legere
826 3105 920 3177 potes.
958 3098 990 3159 Si
1009 3098 1123 3181 literas,

105 3206 179 3268 quas
207 3187 244 3248 de
268 3187 358 3249 Cordi
385 3189 605 3248 commentariis
633 3187 670 3248 ad
698 3205 746 3248 me
774 3189 895 3266 scripsit
922 3187 1123 3268 Hieronymus

106 3269 305 3356 Schreiberil,
324 3279 490 3356 resignatas
509 3279 699 3359 accepissem,
718 3283 769 3337 aut
787 3295 881 3355 aequo
901 3279 999 3337 animo
1014 3296 1123 3358 passus

104 3384 203 3426 essem
231 3367 371 3425 iniuriam
398 3374 449 3427 aut
476 3367 513 3427 de
541 3385 576 3427 ea
602 3362 680 3446 <re>
707 3384 774 3427 cum
802 3364 957 3426 tabellario
981 3376 1122 3447 expostu-

100 3454 221 3515 lassem.
258 3452 344 3515 Nunc
367 3473 435 3515 cum
457 3454 554 3517 nullas
573 3456 740 3536 acceperim
758 3472 815 3516 nec
834 3456 902 3535 quis
920 3458 1123 3535 praeripuerit

74 3544 193 3622 sciam,
225 3543 304 3620 quid
323 3540 461 3608 faciam?
502 3544 656 3627 Quicquid
679 3544 717 3606 de
736 3543 790 3605 bis
809 3544 948 3622 perierat
966 3543 1007 3602 ad
1023 3553 1057 3602 te
1075 3545 1128 3604 ssi
