2370 3840
519 195 659 287 epistolae
817 250 819 254 Α
1050 195 1093 262 53

78 349 152 427 tuis,
176 353 297 407 curante
316 364 407 427 meas,
431 344 539 425 quibus
558 346 730 407 addideram
748 345 967 425 Epigrammata
985 344 1098 426 aliquot

78 439 112 496 in
133 429 346 517 bonellumffl,
370 453 445 514 quae
467 453 539 515 prae
562 453 661 517 manu,
684 434 876 516 bricheno,
900 438 952 514 qui
970 438 1029 496 iam
1048 436 1098 496 hic

78 525 163 595 Parii
186 523 267 585 illins
289 517 489 604 nepacifici²⁶⁸
512 524 631 604 supplet
652 526 761 606 vicem3
793 531 823 584 et
845 525 973 585 necdum
995 531 1097 585 tamen

79 613 153 693 quid
178 615 324 692 cogitasse
347 613 384 674 de
408 612 544 674 Carmine
568 613 797 695 Encomiastico,
820 614 898 692 quod
917 614 1098 693 praefigatur

78 702 126 763 illi
148 709 200 763 tuo
220 700 386 762 Gunthero:
409 702 483 763 adeo
501 701 606 762 morbo
626 705 683 763 isto
702 710 806 764 nostro
826 704 992 763 octimestri
1009 702 1096 781 plane

79 790 236 852 obbrutuit
272 792 388 852 animus
420 809 517 870 neque
550 791 640 852 audet
670 791 822 853 Musarum
858 792 948 852 valles
980 793 1097 851 eminus

79 882 230 960 aspicere,
262 878 373 940 nedum
400 886 435 941 ut
463 882 629 940 comminus
658 883 791 960 capiatur
823 887 939 940 montes
971 879 1097 959 ingredi.

77 969 160 1030 Faxo
183 975 297 1049 tamen,
319 975 352 1028 ut
374 968 430 1029 tibi
452 975 569 1030 constet
591 968 628 1028 dc
651 969 709 1030 lide
733 976 763 1030 et
785 969 916 1049 pollicito
941 987 1022 1049 meo,
1044 968 1098 1030 ubi

79 1077 114 1119 se
138 1056 291 1136 paululum
313 1059 465 1118 remiserit
487 1076 588 1118 meum
611 1057 730 1119 malum.
771 1058 806 1118 ln
829 1058 959 1137 effigiem
982 1056 1097 1118 bonelli

78 1146 172 1207 breve
201 1146 316 1208 extudit
345 1146 419 1206 mihi
448 1144 630 1226 epigramma
660 1148 750 1208 suada
780 1147 936 1209 Freherea.
992 1146 1098 1208 Cetera

78 1237 157 1296 muti
181 1251 293 1316 sumus,
316 1235 390 1296 adeo
414 1234 544 1314 quidem,
567 1242 601 1296 ut
623 1254 720 1315 neque
740 1255 809 1298 suas
828 1236 887 1298 sibi
909 1235 930 1297 a'
946 1255 992 1297 me
1016 1243 1097 1297 retu-

80 1324 173 1385 lerint
191 1332 242 1385 aut
254 1323 435 1404 Pitbopoens
455 1331 506 1384 aut
520 1323 695 1404 Sylburgius
714 1320 895 1407 interium,
914 1328 987 1406 quin
1006 1327 1097 1385 immo

79 1414 227 1474 desuesce
251 1413 384 1492 quotidie
408 1431 577 1474 sermonem
600 1413 733 1475 latinum.
769 1414 807 1475 Et
829 1417 889 1475 nisi
912 1434 959 1475 me
982 1414 1098 1476 Douzac

79 1497 183 1562 filii²⁵⁵
210 1503 419 1563 sermocinatio
447 1502 620 1581 frequenter
648 1505 734 1581 quasi
761 1503 888 1584 cibaret,
916 1506 974 1564 iam
1001 1511 1098 1564 trans-

79 1593 150 1670 fuga
182 1591 277 1651 lactus
310 1609 392 1651 eram
419 1589 564 1653 Palladiae
588 1591 721 1651 militiae.
767 1592 959 1672 Suspiciones
982 1598 1098 1652 tantum

79 1686 199 1741 nostras
222 1678 328 1740 leviter
351 1697 543 1740 recensemus
570 1698 626 1740 nec
650 1698 850 1742 recensemus.
892 1680 972 1740 Adeo
995 1686 1098 1758 torpor

79 1787 136 1829 nos
162 1768 282 1847 quidam
305 1767 395 1828 babet
418 1775 448 1829 et
470 1776 612 1830 veternus
634 1787 728 1849 paene
753 1769 894 1831 lethaeus.
940 1769 1049 1829 Verum

148 1875 166 1917 o
189 1860 271 1937 passi
294 1859 438 1938 graviora,
461 1857 543 1918 dabit
565 1858 639 1919 deus
663 1857 712 1919 hic
736 1877 854 1939 quoque
878 1851 1022 1939 finem²⁵⁶,

79 1949 112 2006 in
136 1964 195 2026 quo
214 1953 281 2006 voto
300 1947 383 2027 linio,
406 1964 474 2007 cum
492 1964 591 2028 prece,
615 1955 648 2008 tu
667 1950 756 2009 etiam
770 1967 824 2028 pro
843 1948 1011 2010 valetudine
1030 1965 1097 2007 mea

79 2036 249 2096 intercedas
272 2035 351 2115 apud
374 2035 467 2096 Deum
492 2034 557 2115 Opt.
572 2034 655 2118 Max,
675 2055 764 2115 quem
786 2037 843 2098 tibi
861 2045 989 2117 tuaeque
1012 2037 1097 2097 fami·

80 2124 138 2185 liae
161 2142 254 2186 voveo
276 2125 432 2185 faventem.
466 2124 639 2185 Scribebam
663 2129 770 2206 raptim
795 2134 825 2187 et
848 2126 971 2188 aliarum
995 2144 1098 2187 rerum

78 2222 173 2294 utque
196 2215 367 2293 migrationi
389 2231 450 2274 non
473 2213 659 2294 incumbens,
683 2215 735 2275 sed
758 2218 910 2276 insistens.

125 2313 434 2404 (Heidelbergee),
458 2319 506 2380 die
532 2317 583 2381 19.
601 2320 700 2381 Martii
720 2318 816 2384 1596.

76 2550 101 2612 G
157 2461 258 2610 lSlaluto
281 2462 444 2542 plurimum
478 2462 637 2523 candidum
664 2461 737 2523 illud
767 2471 797 2524 et
826 2463 977 2526 eruditum
1009 2471 1101 2543 caput

103 2553 165 2612 ent’
179 2553 214 2611 is.

219 2790 272 2861 42.
305 2794 331 2862 Ι.
355 2793 514 2863 Gruterus
538 2795 809 2865 beritensium
834 2798 894 2865 sel.
912 2799 958 2886 pl.

74 2934 344 3007 Heidelbergae.
789 2941 831 2991 10.
851 2935 928 3006 Sept.
947 2939 1040 3007 (1696)
1050 2937 1097 2994 W.

148 3031 227 3092 Tuas
250 3031 334 3092 datas
356 3030 419 3092 llal.
443 3032 568 3112 Augusti
591 3033 649 3092 line
673 3034 738 3092 eins
757 3033 877 3092 demum
900 3035 1009 3114 recepi,
1031 3039 1095 3093 tum

76 3120 160 3201 quod
195 3119 310 3180 tardius
346 3121 433 3201 plaine
470 3130 590 3182 curatae
624 3121 763 3202 luissent,
799 3129 862 3180 tum
894 3122 984 3181 etiam
1017 3122 1095 3201 quod

76 3228 135 3290 ego
165 3208 318 3270 octiduum
345 3217 440 3270 totum
469 3209 621 3270 abluerem
651 3211 682 3268 in
709 3209 1000 3289 peregrinatiuncula
1028 3231 1095 3273 cum

76 3300 187 3361 socero
214 3315 281 3358 meo
306 3345 312 3358 .
333 3291 385 3381 .*)
431 3298 533 3377 Itaque
566 3298 700 3376 quamvis
730 3297 925 3360 libentissime
957 3303 1096 3380 petitioni

152 3488 179 3555 ³²)
197 3485 311 3541 Lacuna
327 3487 358 3541 in
377 3487 455 3556 cod.;
484 3487 609 3544 fortusse
628 3485 726 3561 paliis
747 3488 899 3546 secundae
913 3485 1043 3542 brunsii
1057 3497 1130 3536 con-

66 3556 148 3626 iugis
163 3571 265 3610 nornen
285 3558 400 3618 excidit.
