2370 3840
504 180 653 252 'epistolae
1040 183 1091 247 '35

70 331 242 410 pectatione
266 349 341 413 mea,
365 312 391 392 si
414 349 462 391 me
486 349 567 391 amas
589 338 624 391 ut
646 349 740 412 amas3
763 332 871 392 festina
893 339 1001 392 tamen.
1044 332 1091 393 ln·

71 426 157 480 terea
175 421 240 480 vive
260 427 291 481 et
308 419 370 482 vale
391 423 460 481 cu'm
473 419 635 480 lectissima
650 423 775 499 coniuge
791 427 821 481 et
835 423 962 500 speratis
979 421 1092 484 liberis.

139 525 417 609 Heidelbergae,
430 533 626 607 properanter
632 520 666 611 ³¹³)
678 529 778 607 nimis,
792 545 847 587 nec
862 534 961 587 tamen
972 534 1092 607 praeter

69 634 172 676 meum
195 634 319 698 morem,
342 616 439 678 XXVI.
463 614 715 697 lulii-MllllCHl,
739 619 791 696 qui
814 615 878 677 dies
902 617 967 697 luit,
991 635 1049 695 quo
1073 635 1090 697 e

69 703 231 766 iuvenibus
253 705 472 767 transcriberer
495 707 574 765 inter
595 707 750 766 maritatos
774 699 904 766 annom.

520 811 601 872 Tuus
626 810 789 871 omni'litle
812 810 833 871 Ι.
857 810 1044 872 Gruterus,

152 1141 153 1145 Ἰ
285 1052 337 1125 29.
360 1054 386 1123 Ι.
410 1055 569 1123 Gruterus
592 1057 624 1123 0.
646 1055 883 1124 Ritterslmsio.

65 1177 334 1249 Heidelbergoe.
408 1232 409 1236 ,
854 1184 896 1233 18.
916 1178 987 1248 Aug.
1008 1184 1086 1236 1593.

137 1291 226 1352 Binas
248 1299 315 1353 tuas
340 1291 445 1352 eodem
468 1292 531 1353 sere
555 1295 657 1371 recepi
679 1299 827 1374 tempore,
850 1300 993 1371 utrasque
1017 1311 1085 1372 pro-

66 1380 146 1441 lecto
175 1379 261 1460 longe
290 1382 473 1462 carissimas,
501 1387 531 1441 et
558 1381 595 1442 tle
624 1381 761 1442 versibus
789 1381 910 1461 quidem
933 1399 1007 1461 quas
1029 1381 1086 1441 tibi

65 1468 184 1530 habebo
203 1465 335 1549 gratias?
353 1471 444 1530 immo
463 1488 533 1530 vero
553 1489 626 1550 quas
645 1489 706 1530 non
720 1466 856 1531 habebo?
879 1468 990 1530 Obruis
1005 1473 1086 1530 enim

65 1577 115 1619 me
142 1558 199 1619 hoo
226 1576 350 1620 munere
378 1576 475 1639 neque
504 1560 691 1639 satisfecero,
714 1577 774 1638 non
798 1561 825 1618 si
847 1566 948 1619 ternas
973 1556 1086 1638 Orcho-4

64 1665 170 1708 menes
188 1650 324 1709 miserim
342 1647 412 1708 deas
432 1647 528 1709 Suada
549 1650 702 1709 comitatas
721 1646 829 1729 Dione3
848 1649 889 1706 ita
908 1664 968 1706 non
988 1645 1084 1708 solum

63 1736 209 1816 prodigus
242 1755 274 1798 es
304 1737 395 1812 dono,
429 1736 481 1798 sed
512 1744 542 1798 et
569 1737 643 1798 doni
661 1736 810 1796 bonitate.
856 1734 956 1795 Malim
983 1743 1084 1796 tamen

64 1828 178 1907 omnia,
205 1828 248 1886 mi
275 1827 384 1907 amice,
411 1827 491 1887 circa
518 1845 565 1888 me
594 1833 624 1887 et
651 1825 688 1886 de
716 1843 764 1886 me
788 1824 962 1886 modestius.
1008 1823 1082 1885 Nam

62 1933 126 1975 non
153 1932 208 1994 ego
236 1913 300 1997 ille,
323 1933 412 1994 quem
434 1933 509 1975 vana
532 1916 620 1995 fingis
644 1917 781 1994 imagine.
827 1913 935 1974 Doctos
957 1913 1082 1993 probos-

62 2021 123 2082 que
151 2005 299 2083 imprimis
326 2022 405 2064 amo.
421 2012 509 2083 atque
537 2004 676 2086 observo,
703 2007 783 2065 inter
809 2022 884 2083 quos
906 2011 936 2065 te
960 2002 1081 2085 colloco,

61 2099 180 2154 tantum
207 2110 268 2153 non
295 2096 327 2153 in
354 2092 419 2153 loco
444 2095 589 2173 principe.
635 2093 715 2154 Haeo
737 2112 804 2154 mea
828 2095 867 2154 sit
889 2093 974 2154 sama.
1022 2092 1080 2154 Setl

61 2182 100 2242 de
124 2181 181 2242 hoc
204 2184 285 2243 satis.
321 2182 431 2243 Versus
454 2189 522 2243 tuos
545 2201 614 2243 vere
638 2201 744 2243 aureos
768 2183 804 2242 ael
827 2180 952 2261 Lydium
975 2180 1080 2241 habuit

60 2270 193 2351 lapidem
219 2277 323 2332 noster
345 2270 484 2332 Posthius
511 2279 542 2332 et
568 2289 661 2332 unum
688 2278 776 2350 atque
805 2269 931 2330 alterum
954 2268 1086 2349 verbum

59 2358 151 2439 paulo
174 2358 337 2421 illustriore
360 2363 461 2440 posuit
483 2359 557 2421 loeo.
594 2360 654 2420 Nos
674 2361 773 2441 etiam,
797 2376 865 2419 cum
884 2356 1080 2438 excudentur,

60 2447 205 2510 nonnulla
236 2448 436 2510 emollihimus
468 2448 731 2528 edulcabimusque
762 2447 843 2508 nulla
877 2446 1014 2506 adhibita
1041 2450 1080 2528 ri,

58 2556 122 2599 non
151 2539 220 2617 quia
247 2537 279 2598 id
305 2537 389 2600 valde
416 2541 588 2619 requirunt,
616 2538 669 2599 sed
698 2539 768 2616 quia
790 2536 821 2597 id
845 2544 878 2598 tu
900 2543 961 2597 tam
985 2538 1079 2600 amice

57 2628 201 2706 requiris
246 2625 284 2690 Et
317 2627 427 2708 alioqui
460 2630 520 2688 iam
551 2626 638 2707 longe
669 2627 744 2688 alius
772 2645 838 2688 sum
867 2625 903 2687 ab
932 2625 996 2707 illo,
1030 2629 1079 2686 coi

58 2723 146 2776 antea
170 2715 266 2776 solum
288 2715 445 2796 placebant
466 2718 561 2777 terrai
587 2711 795 2798 frugiferai¹⁵¹,
822 2724 886 2778 tum
914 2717 995 2793 genii
1018 2717 1079 2775 mei

57 2807 162 2866 nescio
196 2823 253 2885 qua
285 2807 455 2866 maturitate
488 2813 553 2866 tum
583 2808 706 2866 monitis
737 2805 851 2866 Melissi
882 2805 992 2883 nostri,
1026 2805 1078 2881 qui

56 2893 159 2954 mollia
190 2900 306 2955 tantum
339 2902 418 2956 amat
445 2902 475 2956 et
503 2913 578 2973 quae
607 2894 687 2955 drrlci
715 2894 812 2955 lluunt
842 2894 960 2953 tramite
988 2890 1078 2951 nullis

57 2983 332 3044 intercurrentibus
346 2987 438 3044 saxis.
471 2983 562 3045 Video
579 2991 609 3045 te
624 2992 728 3064 putare
743 2982 863 3043 titulum
878 2999 944 3041 esse
962 2975 1077 3058 ‘Suspi-

56 3066 195 3134 cionum'
225 3071 467 3134 annotationibus
494 3073 554 3133 illis
581 3080 670 3152 atque
698 3069 970 3149 emendationibus,
1003 3087 1077 3147 quas

54 3179 130 3242 paro
154 3160 191 3221 ad
214 3160 371 3243 Senecam3
396 3162 447 3223 sed
471 3161 591 3223 ialleris.
629 3155 850 3240 ‘Suspiciones’
874 3156 941 3218 illae
950 3151 988 3191 ¹⁵²
1012 3160 1077 3238 qui·

55 3251 127 3313 elem
160 3249 304 3312 Senecam
336 3250 438 3312 multis
471 3251 629 3312 emendant
661 3248 870 3327 illustrantque
902 3245 1076 3329 loeis,‘²'·sed

54 3339 180 3401 Plautus
210 3341 243 3400 in
270 3342 308 3401 iis
337 3347 425 3420 atque
450 3335 594 3420 ‘Apuleius
622 3358 679 3400 nec
706 3356 767 3399 non
794 3337 917 3419 Ovidius
945 3342 978 3397 et'
1001 3337 1077 3418 Mar-

129 3551 155 3616 ⁴9
174 3547 238 3603 Cod.
250 3554 411 3620 properator.
930 3627 968 3680 v
