2364 3832
496 205 635 276 epislolae
807 180 810 185 .
990 292 992 297 Ι
1013 207 1078 272 123

49 356 131 417 Utut
155 373 189 415 se
213 373 264 415 res
286 354 405 437 habeat,
429 354 511 434 leges
534 363 653 416 nostrae
677 358 829 416 neminem
852 357 882 414 in
906 365 1079 436 paupertate

47 447 158 505 vivere
181 461 280 523 neque
302 446 334 505 in
357 444 506 505 anxietate
530 447 607 504 mori
630 447 821 525 permittunt3
845 444 1024 506 eluctaberis
1049 454 1079 507 et

46 535 100 595 Tu
126 532 353 594 difficultatibus
376 533 524 615 omnibus,
548 536 573 593 si
593 552 667 613 quas
686 534 828 595 incidisti.
865 533 903 593 Ni
922 534 964 595 Te
984 538 1078 613 quieti

47 624 129 684 dare
151 624 353 703 constitueris,
376 616 513 702 Spartam
533 623 788 684 oileretNochius
807 629 988 684 nosternon
1008 642 1077 684 eon-

49 711 259 792 temnendam,
274 729 349 790 quae
363 719 482 791 praeter
496 713 607 772 victum
622 719 652 772 et
666 715 807 772 amictum
817 711 945 773 liberum
957 721 1077 773 centum

49 801 253 862 loachimioos
281 818 395 861 annuos
423 801 459 861 ad
485 803 642 861 minimum
667 801 734 861 Tibi
757 803 861 881 pariet.
907 801 973 881 lpse
997 801 1078 861 illam

50 897 88 952 ut
113 897 189 970 puto
212 907 273 949 non
296 888 473 971 negligeret,
502 893 534 950 ni
557 893 615 951 iam
640 890 676 950 de
701 891 853 951 iunctione
876 891 994 970 publica
1019 892 1077 968 ipsi

51 985 251 1060 prospectum
271 986 362 1059 esset3
386 981 559 1058 nuperrime
579 981 658 1039 enim
678 982 803 1057 actuarii
823 997 845 1039 s.
866 980 981 1040 scribae
1001 982 1075 1058 reip.

51 1067 328 1146 Mariaehurgensis
346 1069 474 1147 opimam
488 1071 673 1148 provinciam
688 1071 866 1148 impetravit,
886 1088 974 1148 quam
988 1087 1075 1129 nemo

52 1157 155 1218 bonus
181 1159 241 1236 ipsi
267 1155 424 1237 invidebit,
452 1160 504 1236 qui
527 1164 557 1218 et
579 1156 629 1217 illa
654 1164 684 1217 et
707 1161 789 1218 omni
812 1157 868 1218 alia
892 1160 1076 1237 prosperiori
1123 1205 1129 1216 .

51 1247 176 1307 fortuna
199 1246 393 1325 dignissimus
417 1253 471 1306 est.
509 1246 650 1307 Ceterum
673 1249 704 1307 in
727 1266 761 1308 ea
781 1250 844 1327 ipsa
864 1248 938 1308 urbe
957 1248 1076 1308 viduam
1167 1248 1171 1258 '

51 1335 254 1416 praedivitem
281 1353 348 1395 eum
373 1335 489 1395 duobus
512 1334 615 1396 liberis
639 1335 724 1396 duxit
748 1336 859 1415 Copius
882 1345 999 1418 noster,
1027 1340 1076 1399 oui

51 1426 188 1486 faustum
205 1423 263 1484 hoe
276 1426 397 1484 nomine
411 1424 607 1503 hymenaeum
623 1425 842 1504 apprecaberis.
879 1425 950 1487 Post
963 1426 1075 1488 Pascha
1170 1462 1172 1471 ·

52 1514 92 1574 ad
117 1515 238 1592 nuptias
256 1513 297 1573 Te
321 1511 412 1573 dubio
433 1513 538 1592 procul
563 1513 713 1594 invitabit3
737 1516 826 1574 citius
850 1518 930 1575 enim
954 1515 990 1575 ad
1009 1515 1075 1576 illas

52 1602 199 1664 accedere
222 1619 278 1681 per
300 1600 382 1680 leges
405 1601 486 1662 illius
509 1603 566 1663 loci
585 1604 753 1681 pontificias
773 1605 857 1662 novis
877 1606 995 1681 sponsis
1014 1621 1075 1664 non

55 1691 137 1753 licet
183 1691 225 1751 De
258 1708 306 1750 me
339 1692 410 1770 quid
443 1693 564 1751 interim
597 1692 661 1772 fiat,
694 1694 720 1751 si
753 1709 901 1772 quaeras,
923 1695 963 1752 ita
991 1691 1075 1754 habe.

55 1780 173 1841 Patriae
201 1797 302 1840 amore
326 1778 450 1840 Galliam
479 1788 508 1840 et.
532 1780 721 1841 Germaniam
748 1780 872 1862 reliqui,
900 1800 976 1861 quae
1005 1781 1075 1841 alio-

54 1872 130 1950 quin
156 1869 306 1948 hospitem
334 1887 382 1929 me
410 1868 539 1930 libenter
562 1872 770 1950 retinuissent,
798 1873 961 1949 propositis
985 1873 1075 1932 variis

54 1967 86 2019 et
109 1975 267 2020 munerum
290 1957 479 2037 publicorum
503 1968 532 2019 et
551 1958 624 2019 lauti
642 1961 824 2020 matrimonii
844 1960 1074 2023 conditionibus.

56 2048 118 2108 Sed
139 2047 188 2108 his
210 2045 348 2107 omnibus
367 2049 490 2126 insuper
509 2047 618 2108 habitis
638 2049 673 2108 ad
693 2067 776 2109 moos
795 2049 988 2111 Dantiscanos
1008 2070 1075 2130 per-

56 2136 186 2214 gendum
214 2135 299 2216 duxi,
325 2154 386 2197 non
414 2136 551 2197 defutura
580 2144 610 2197 et
632 2137 682 2197 hic
705 2137 756 2196 illa
779 2145 875 2217 ratus,
904 2157 979 2217 quae
1004 2140 1075 2200 alibi
1168 2214 1172 2221 .

57 2219 152 2307 (quod
171 2227 247 2286 citra
265 2226 436 2285 iactantiam
455 2219 574 2308 dixero)
595 2229 732 2285 certatim
747 2226 956 2286 offerebantur.
989 2227 1075 2288 Nunc

58 2314 208 2375 diversum
235 2315 347 2373 sentire
370 2316 496 2394 incipio,
525 2314 642 2392 quando
666 2332 737 2393 prae
760 2316 852 2374 nimia
877 2315 1075 2376 litteratorum

60 2404 91 2463 in
108 2405 204 2482 patria
223 2404 332 2463 civium
351 2405 435 2481 eopia
454 2402 553 2463 locum
572 2403 649 2482 apud
670 2421 752 2462 meos
767 2401 856 2463 talem
872 2405 948 2464 intra
963 2423 1074 2483 paucos

60 2509 152 2553 anuos
177 2491 254 2552 mihi
281 2491 454 2570 praevidere
482 2511 541 2552 non
569 2511 705 2571 possum,
733 2494 765 2551 in
793 2511 852 2571 quo
880 2495 998 2554 animus
1027 2514 1074 2556 ae-

62 2582 200 2659 quiescat
246 2579 284 2639 Et
310 2579 381 2640 licei
403 2580 551 2642 Veneram
579 2588 748 2641 nostrarum
777 2585 871 2660 gratia
894 2583 962 2644 talis
985 2585 1076 2645 luerit

64 2666 205 2749 hodieque
239 2671 291 2750 sit,
323 2676 357 2729 ut
388 2672 478 2748 potiri
511 2670 562 2730 illa
590 2673 679 2731 etiam
707 2688 775 2731 cum
803 2672 921 2735 delectu
948 2692 1008 2733 non
1037 2677 1076 2734 sit

65 2756 189 2838 difficile,
212 2777 246 2818 re
270 2760 359 2818 etiam
383 2758 461 2819 lauta
483 2762 669 2840 insequente,
693 2767 792 2820 tamen
816 2780 959 2839 quorsum
983 2760 1075 2822 multa

64 2846 127 2908 tulit
151 2848 282 2927 lecitque
310 2865 398 2928 puer,
432 2848 549 2909 sudavit
576 2856 607 2909 et
634 2849 714 2929 alsit,
742 2867 885 2926 quorsum
913 2850 1075 2911 multorum

67 2951 159 2998 mores
187 2937 342 2997 hominum
374 2940 529 3016 conspexit
557 2944 587 2997 et
615 2937 718 3018 urbes,
752 2940 778 2997 si
804 2938 879 2999 nihil
907 2939 1014 2999 horum
1043 2941 1075 2999 in

69 3019 155 3086 lucem
182 3033 213 3086 et
240 3025 415 3104 adspectum
436 3026 592 3086 hominum
615 3027 749 3105 prolerre
773 3025 880 3105 volupe
904 3024 972 3088 est?
1018 3027 1076 3097 Qui

68 3110 149 3176 istum
172 3117 304 3176 animum
327 3133 427 3175 meum
451 3114 656 3194 providebant,
680 3122 714 3174 ut
737 3114 865 3176 abeundi
889 3117 1076 3196 propositum

70 3203 239 3284 migrarent,
290 3207 405 3282 agentis
453 3201 620 3264 electoralis
665 3202 921 3284 brandenburgici
967 3224 1076 3268 munus

70 3284 304 3354 honestissimum
340 3295 372 3354 in
409 3292 474 3352 aula
507 3292 653 3352 Sereniss.
688 3295 769 3371 regis
800 3293 860 3354 Pol.
895 3294 1076 3358 obtulerunt.

70 3371 123 3457 Ego
139 3382 264 3445 aulicam
283 3383 372 3442 vitam
392 3380 501 3460 utplur.
522 3379 705 3460 splendidam
723 3383 876 3442 miseriam
891 3402 957 3445 esse
973 3387 1076 3447 existi·

72 3479 144 3530 nans
170 3489 305 3552 quaeque
334 3471 369 3531 ad
398 3489 497 3530 mores
526 3478 556 3530 et
583 3472 658 3529 vitae
687 3488 770 3531 meae
795 3474 926 3532 rationes
949 3475 1080 3532 tuendas

70 3566 162 3629 pamm
184 3559 336 3621 commoda
360 3562 410 3644 sit,
434 3579 526 3624 aures
547 3559 611 3623 lure
635 3562 775 3642 arrigere
794 3578 864 3622 non
882 3561 989 3638 potui.
1019 3555 1107 3611 Rou-
