2370 3840
510 184 649 258 epistolae
1047 186 1090 252 69

67 337 227 418 Apellaeis.
263 335 402 398 Pluribus
422 335 502 397 istud
522 334 675 416 ambirem,
697 337 757 395 nisi
776 353 810 395 eo
829 343 916 416 pacto
934 355 1091 416 peccarem

68 431 104 490 in
128 445 212 508 spem
235 444 332 487 meam
355 433 387 486 et
407 443 507 486 mores
537 431 652 486 vestros
676 425 792 485 diliisus
820 432 935 486 vestrae
963 427 1034 487 fidei
1061 435 1092 488 et

68 515 310 597 benevolentiae,
336 522 477 593 tanquam
499 513 572 575 illud
595 521 721 592 negetur
744 514 830 596 mibi,
858 515 936 593 quod
964 518 1024 575 iam
1046 523 1092 577 tot

70 605 205 668 millibus
223 604 351 666 libentes
370 603 503 664 dedistis
534 602 661 664 'lantum
680 603 775 664 adhuc
789 610 888 682 petam
903 606 992 665 etiam
1005 605 1091 665 vohis

71 697 189 757 socium
221 694 368 755 adscitum
398 691 497 755 velitis
529 691 576 752 vel
601 699 725 773 propter
748 692 900 753 Charitum
932 712 1091 755 numerum

70 784 159 846 illum
172 785 337 845 ternarium
346 781 399 843 Dn.
408 781 602 860 Virdungum.
624 781 663 842 Et
676 781 749 842 haec
763 781 916 842 hactenus.
942 783 1091 843 Petieram

69 877 146 935 item
168 875 292 952 nuperis
319 873 395 932 meis
423 889 439 931 a
466 870 551 931 vobis
573 870 794 950 Epigrammata
821 873 852 931 in
876 870 1091 951 inscriptiones

70 968 201 1043 nostras,
224 961 277 1022 sed
297 960 375 1021 olim.
406 960 461 1021 Vix
480 962 570 1041 enim,
592 965 626 1020 ut
648 961 747 1019 omnia
769 959 863 1020 fluant
886 979 922 1020 ex
941 967 1017 1042 voto,
1041 960 1091 1021 ab·

72 1051 228 1114 solventur
249 1052 328 1110 intra
351 1067 469 1110 annum.
505 1049 603 1120 Quare
627 1050 824 1109 memineritis
849 1068 958 1128 quaeso
982 1049 1091 1111 librum

72 1141 160 1201 illurn
186 1140 333 1200 honorare
364 1140 472 1200 vestris
505 1137 661 1217 aliquando
689 1137 854 1219 Encomiis,
887 1142 940 1218 qui
962 1143 1005 1200 sic
1032 1139 1093 1220 ille,

71 1233 166 1291 immo
189 1230 278 1289 etiam
300 1246 386 1290 meus
408 1227 501 1308 labor,
523 1245 590 1287 mea
612 1226 758 1288 industria
781 1236 943 1289 merentur.

119 1335 247 1416 Raptim,
269 1337 314 1396 uti
338 1333 432 1416 soleo,
459 1332 736 1415 Heidelbergae,
765 1334 812 1395 die
838 1331 889 1399 18.
907 1336 975 1415 Apr.
997 1333 1092 1400 1601.

145 1477 178 1538 Si
197 1477 268 1556 quid
286 1476 361 1536 mibi
378 1476 499 1536 interim
518 1478 697 1556 rescriptum
715 1476 821 1558 velitis,
843 1476 955 1538 bonum
974 1480 1093 1561 lactum,

33 1618 39 1625 ,
72 1571 100 1628 si
120 1565 223 1627 literas
241 1572 355 1627 vestras
373 1566 600 1625 transmiseritis
619 1564 854 1646 Norimbergam,
876 1569 920 1626 uti
939 1567 1093 1628 tradantur

71 1658 181 1718 nuntio
208 1653 415 1735 Ambergensi3
448 1655 475 1714 si
501 1656 651 1713 neminem
678 1653 794 1714 habetis
825 1656 986 1736 potiorem,
1018 1660 1092 1717 eatis

72 1763 147 1806 sane
172 1744 208 1804 ad
230 1743 284 1804 lln.
307 1742 493 1804 Praetorium
517 1743 671 1822 syndicum
695 1741 821 1824 ibidem,
849 1746 897 1803 cui
920 1744 975 1804 hac
998 1744 1034 1805 de
1059 1764 1092 1806 re

73 1835 193 1914 scripsi,
216 1840 347 1894 veterem
370 1831 484 1893 scilicet
508 1834 644 1893 amicum.

143 1939 248 2000 Vester
271 1940 353 1998 omni
376 1938 433 1998 lide
458 1945 544 2018 atque
569 1938 711 2018 obsequio
735 1937 841 2000 lanus
865 1938 1048 2003 Gruterus.
1145 1917 1147 1922 .

116 2194 168 2268 53.
199 2200 320 2288 brigas
344 2200 522 2268 amicornm
546 2199 780 2269 solertissimae
804 2202 895 2269 bnis.
920 2203 1052 2288 dentili,

152 2289 385 2374 Rittersbnsio,
409 2289 571 2373 Piooarlo,
595 2290 685 2357 Ilnis.
710 2291 808 2375 atque
832 2291 946 2358 amicis
969 2291 1014 2378 pl.

471 2378 697 2447 observandis.

74 2465 343 2536 Heidelbergae.
865 2471 905 2521 16.
924 2465 995 2520 Maii
1014 2471 1092 2523 1601.

145 2561 260 2622 Salvete
283 2560 454 2642 plurimum,
477 2559 542 2621 Dni.
567 2567 654 2639 atque
679 2562 766 2621 amici
789 2579 849 2622 non
868 2581 884 2622 e
903 2562 1014 2646 multis,
1037 2565 1094 2628 hoc

76 2658 138 2732 est,
166 2652 326 2732 rarissimi,
353 2656 442 2728 atque
474 2651 632 2731 ignoscite,
665 2650 744 2728 quod
776 2657 838 2712 tres
870 2671 929 2713 una
962 2654 1094 2735 alloquar

75 2737 203 2820 epistola
231 2747 262 2800 et
285 2758 319 2800 ea
343 2738 463 2819 quidem
492 2737 650 2800 brevicula.
696 2739 799 2801 Adhuc
822 2744 902 2802 enim
926 2749 1006 2804 totus
1029 2763 1093 2805 cra-

75 2827 165 2910 pulae
198 2836 286 2908 atque
318 2831 485 2892 insomniae
522 2829 570 2889 vix
605 2829 662 2889 hoc
693 2848 829 2912 possum,
867 2831 944 2909 quod
977 2830 1094 2914 videtis,

76 2920 183 2997 utique
201 2916 355 2979 tabellario
374 2917 521 2980 abnuente
540 2920 652 2978 morari
669 2918 760 2979 horae
780 2917 982 2996 quadrantem.
1013 2919 1093 2999 Ergo

76 3015 112 3068 ut
133 3005 225 3068 verbo
249 3007 359 3088 dicam,
389 3005 429 3085 pl.
452 3025 504 3066 vos
527 3025 606 3087 amo,
638 3006 798 3086 plurimum
827 3005 910 3065 vobis
938 3006 1032 3068 debeo
1056 3010 1093 3070 ob

76 3114 198 3176 versus,
230 3113 305 3174 quos
332 3094 479 3155 habuistis
506 3095 613 3155 honori
639 3101 741 3154 nostro
770 3094 905 3175 nuptiali,
934 3115 1095 3181 voveoque,

75 3187 123 3246 uti
150 3184 267 3245 duobus
295 3202 311 3244 e
338 3183 423 3244 vobis
449 3202 518 3244 mox
547 3183 642 3243 simile
670 3183 757 3243 liceat
789 3183 930 3244 exhibere
963 3187 1094 3250 officium

77 3272 252 3335 coelibibus.
289 3270 357 3333 'libi
376 3279 483 3354 autem,
501 3270 572 3332 Due.
591 3271 781 3353 Rittersbusi,
799 3290 952 3351 nunquam
970 3276 1094 3339 habeam

76 3380 203 3424 necesse
226 3361 284 3423 tale
308 3361 379 3441 quid
399 3363 515 3442 ollerro,
538 3360 631 3421 multo
652 3363 751 3421 minus
770 3364 834 3441 ipse
854 3371 956 3442 petere
976 3367 1093 3428 debeas.

76 3451 189 3513 Versus
204 3450 249 3511 illi
266 3452 357 3511 vestri
375 3453 442 3531 ipso
462 3469 570 3513 venere
589 3453 768 3534 nuptiarum
785 3452 837 3514 dio
854 3453 927 3514 aliis
938 3455 1011 3512 iam
1022 3470 1116 3527 urac-

67 3542 184 3618 paratis
204 3539 244 3598 ad
259 3539 398 3618 praelum
428 3549 459 3604 et
490 3542 550 3606 alio
580 3543 694 3610 ordine
724 3545 902 3628 adnotatis,
934 3555 1036 3619 susm
1049 3533 1152 3589 'blm
