2370 3840
514 183 652 254 epistolae
781 228 784 234 .
1024 185 1087 250 133

69 332 176 412 dirigit
200 332 299 393 divina
321 333 516 412 providentia.
556 333 695 395 Celerum
719 336 786 413 quis
809 342 878 414 post
901 335 1019 397 sedatas
1038 337 1090 397 ali-

68 423 248 501 quantisper
269 420 372 482 Martis
400 422 493 483 furias
521 417 612 506 (quae
641 425 740 483 omnia
766 423 872 502 procul
898 424 988 485 dubio
1011 426 1090 506 apud

68 511 128 571 Vos
161 504 335 594 turbarunt)
367 510 575 572 Universitatis
602 511 762 573 Altorlinae
795 520 825 573 et
853 513 974 574 Vestrae
1002 514 1090 576 Nori-

68 601 181 680 bergae
206 607 300 661 status
322 600 411 661 modo
434 602 483 681 sit,
506 619 542 661 ex
562 601 603 661 Te
627 620 697 662 aveo
722 619 911 680 cognoscere.
956 603 997 664 lle
1021 622 1089 682 pro-

69 687 238 751 fessoribus
266 695 296 750 et
323 691 421 768 pretio
448 708 568 750 mensae
596 689 710 751 ibidem
739 690 790 752 diu
818 697 877 772 est,
907 693 987 770 quod
1012 692 1090 753 nihil

69 779 213 840 inaudivi.
250 777 308 838 Ubi
326 796 396 839 vero
415 778 507 840 irater
525 786 595 840 tuus
614 779 667 840 lln.
687 779 719 840 ll.
735 778 902 859 Georgius?
920 781 973 841 ubi
991 781 1089 842 Ludo-

69 865 178 930 vicus?
196 867 249 928 uhi
262 874 366 929 noster
378 865 573 929 Ludwelius‘?
591 868 644 930 ubi
657 869 711 930 lln.
726 868 874 940 Queccius
887 864 1091 932 medicus⁵²⁵?

70 958 159 1020 aliive
197 958 285 1018 amici
316 963 447 1038 veteres,
484 975 611 1036 quorum
643 960 764 1019 nomina
796 977 856 1019 non
889 956 1091 1021 succurrunt?

70 1046 212 1108 Diffunde
230 1044 272 1106 'le
295 1045 344 1107 hio
363 1046 449 1107 etde
468 1046 593 1126 singulis
612 1047 648 1108 ad
667 1050 803 1109 notitiam
822 1041 919 1109 meam
937 1051 1090 1128 pertinen·

70 1136 153 1197 tibus
182 1135 362 1197 sufficientia
388 1152 489 1217 narra3
522 1154 587 1197 rem
614 1144 727 1215 gratam
755 1137 930 1217 praestabis.
981 1138 1090 1198 Noster

71 1232 168 1287 status
201 1225 264 1285 lere
292 1226 437 1304 >antiquus
469 1232 528 1306 est;
560 1227 673 1304 privata
706 1234 862 1308 curantur,
894 1227 1013 1306 publica
1040 1234 1092 1288 aut

72 1313 265 1394 negliguntur
287 1320 338 1374 aut
360 1316 481 1392 segnius
499 1321 673 1375 tractantur.
709 1314 866 1376 Factiones
885 1316 1091 1396 theologorum

72 1412 101 1464 et
119 1401 275 1482 vectigalis
293 1404 406 1464 nautici
425 1403 601 1464 immodicae
621 1407 790 1466 exactiones
810 1413 880 1466 sunt
898 1407 982 1467 fundi
996 1408 1093 1467 nostri

74 1493 241 1573 calamitas,
269 1493 319 1553 cui
341 1491 421 1553 Deus
445 1499 475 1553 et
498 1492 562 1552 dies
586 1493 752 1554 remedium
776 1493 913 1555 afferant!
960 1494 1092 1555 llochius

73 1591 177 1644 noster
214 1587 281 1642 ante
315 1599 415 1642 meum
448 1582 578 1643 reditum
611 1581 810 1661 Mariaeburgi
843 1601 970 1662 sponsus
1004 1582 1091 1663 obiit3

74 1671 185 1752 Copius
210 1670 305 1731 adhuc
328 1669 440 1731 ibidem
458 1673 538 1751 vivit,
562 1671 615 1731 scd
634 1670 748 1731 abitum
767 1673 799 1730 in
817 1670 1004 1731 Hollandiam
1023 1690 1091 1731 cum

73 1760 187 1823 familia
201 1759 369 1820 meditatur.
393 1759 434 1820 De
446 1759 619 1821 Bernhardo
629 1758 765 1841 Doblero,
780 1762 828 1820 cui
844 1760 1091 1840 cherrographum

72 1848 306 1912 Perbantianum
335 1867 351 1908 a
373 1847 513 1909 Nobiliss.
533 1849 586 1910 lln.
605 1848 786 1910 Hainhofero
812 1849 882 1911 fidei
905 1868 988 1910 meae
1013 1868 1092 1910 com-

70 1943 201 2001 missum
224 1939 372 1999 incautior
394 1936 558 2019 reliquisti,
581 1938 657 1999 nihil
680 1942 756 1999 certi
778 1941 927 2018 expiscari
949 1939 1093 2000 hactenus

68 2026 167 2091 licuit.
210 2025 272 2087 Nec
294 2045 432 2087 nummos
456 2045 512 2087 nec
534 2027 673 2088 schedam
693 2028 787 2088 debiti
806 2030 1019 2089 confessoriam
1037 2032 1092 2089 im-

67 2126 194 2198 petrare
217 2133 349 2197 possum,
373 2116 451 2195 quod
474 2116 666 2177 vehementer
689 2116 782 2198 dolet3
808 2135 913 2177 vereor
937 2120 1031 2199 enim,
1054 2137 1092 2178 ne

67 2207 228 2285 accepisse
264 2222 312 2265 me
349 2207 507 2284 pecuniam
542 2208 631 2266 istam
664 2209 832 2284 suspicetur
863 2205 1010 2266 Patricius
1042 2205 1092 2266 ille

66 2299 275 2375 Augustanus,
294 2295 379 2354 cuius
398 2293 634 2355 benevolentiam
647 2294 722 2354 mihi
737 2301 846 2354 sartam
860 2301 969 2354 tectam
984 2312 1092 2372 meque

67 2387 107 2447 ab
141 2385 224 2444 omni
252 2384 421 2463 suspicione
449 2382 493 2444 illi
521 2386 682 2444 immunem
710 2390 862 2463 praestare
886 2381 1004 2442 vellem!
1050 2383 1092 2442 lle

69 2476 142 2536 aliis
167 2473 244 2533 sama
265 2471 386 2552 publica
404 2472 445 2533 Te
470 2475 628 2534 certiorem
653 2472 749 2532 laciet.
785 2471 899 2532 Electio
922 2474 991 2532 novi
1012 2474 1095 2552 regis

68 2562 136 2626 Pol.
165 2562 247 2622 omni
277 2563 471 2640 competitore
500 2555 590 2645 (novo
620 2554 769 2645 exemplo)
799 2563 907 2643 caruit3
941 2564 1093 2624 coronatio

71 2652 131 2715 snb
165 2653 334 2730 ingressum
362 2650 451 2712 huius
480 2653 549 2712 anni
577 2650 704 2711 feliciter
732 2650 890 2726 Cracoviae
918 2645 1095 2730 peractam.

71 2741 204 2803 Comitia
226 2738 327 2800 habita
349 2758 488 2820 magnum
512 2742 715 2819 gravaminum
739 2740 955 2801 cumulatorum
977 2747 1093 2819 partem

72 2830 156 2891 velut
180 2846 251 2890 ense
275 2829 471 2890 resciderunt.
518 2828 627 2890 Contra
650 2829 766 2890 Moscos
790 2826 1094 2890 nonsummum

73 2922 105 2980 in
125 2917 187 2978 Pol.
207 2925 238 2978 et
256 2916 354 2979 Germ.
373 2917 568 2998 legendorum
586 2918 738 2979 decretum
758 2923 846 2998 extat,
869 2936 906 2977 ne
925 2917 1093 2996 periculum

74 3007 250 3069 Smolensco
274 3006 310 3068 ab
333 3007 418 3068 hoste
441 3009 601 3068 imminens
624 3007 741 3085 longius
765 3000 918 3085 serpatffl.
962 3005 1094 3067 Electori

73 3095 243 3158 Brandenb.
280 3097 402 3157 seudum
434 3096 572 3158 Prussiae
609 3114 662 3156 rex
699 3113 753 3174 per
787 3094 916 3173 legatum
948 3094 1096 3177 eiusdem,

74 3188 217 3248 comitem
236 3184 573 3268 Schwartzenburgium,
597 3183 723 3247 contulit
745 3190 775 3244 et
799 3184 991 3244 confirmavit.
1035 3183 1092 3245 lle-

72 3274 310 3337 verendissimus
334 3283 365 3337 et
379 3274 487 3336 lllustr.
507 3277 664 3355 episcopus
684 3272 872 3354 Culmiensis,
894 3272 948 3333 llo.
967 3272 1097 3335 lacobus

74 3356 240 3445 Zadzik⁶²⁸,
267 3367 354 3443 regni
382 3363 590 3446 cancellarius,
619 3364 655 3424 ad
679 3370 856 3424 conventum
878 3363 1126 3442 pacificationis.

72 3454 333 3516 Leutmeriensem
357 3473 372 3514 a
395 3471 466 3533 rege
489 3455 629 3516 mittitur.
665 3451 792 3516 lltinam
805 3451 937 3514 tandem
949 3470 1017 3529 pan
1029 3451 1116 3506 ahma

66 3541 236 3622 reducatur)
252 3549 414 3621 postquam
435 3563 492 3608 suo
514 3545 628 3610 damno
649 3553 684 3610 et
698 3548 796 3610 exitio
810 3527 1149 3606 uniuersxsts'xngbx
