2370 3840
127 180 171 249 88
557 183 578 240 I.
601 181 713 238 Gruteri

130 335 171 394 sit
189 352 236 394 me
256 342 419 414 proxeneta
438 334 473 395 ad
493 352 562 395 eum
581 334 636 394 tibi
654 332 875 393 demerendum
903 330 1050 411 Salutabo,
1067 345 1127 410 quos

130 421 227 506 inires,
250 442 305 503 por
329 425 529 505 occasionem,
558 423 610 484 sed
633 441 668 483 ea
689 429 751 482 tam
773 440 840 481 rara
861 428 921 501 est,
945 419 1126 481 uocabula

131 514 210 573 rium
225 513 358 574 nondum
374 512 518 573 allocutus
534 515 600 593 sim,
623 530 659 572 ex
678 530 737 590 quo
755 510 845 570 rediit
862 529 879 570 a
896 509 1015 570 Noricis
1029 510 1126 569 vesus.

130 601 279 663 Nimirum
310 610 343 663 ut
371 604 469 683 noris,
497 620 551 681 ego
575 601 684 661 reddor
710 598 785 660 alter
806 599 912 659 Timon
937 607 991 659 aut
1016 597 1126 658 Bellero

130 691 224 773 phon3
247 693 288 752 ita
312 693 412 751 omnia
435 691 563 752 bumana
585 690 660 750 mihi
678 688 836 768 displicent
854 687 1127 767 comprehendasque

131 782 269 842 univorsa
295 782 382 840 rruica
407 771 595 841 simulatione
619 786 707 857 atque
731 777 973 838 dissimulatione.
1002 776 1078 836 Hine
1093 778 1127 834 in-

130 870 214 930 volvo
238 887 286 929 me
309 868 395 929 libris
424 877 454 930 ot
477 869 587 929 chartis
610 886 748 947 nuncque
777 867 849 928 adeo
876 869 982 946 magis,
1012 864 1127 926 ubido

130 961 221 1021 missa
246 957 356 1018 familia
380 957 515 1037 hospitor
537 960 569 1019 in
592 956 716 1018 aedibus
738 959 868 1036 propriis
893 963 1019 1034 uterque
1042 970 1128 1015 mensa

131 1046 225 1109 aliena
250 1046 286 1107 ad
310 1065 443 1107 mensam
468 1065 571 1108 meam.
617 1045 642 1107 0
665 1045 810 1107 monstra!
833 1053 920 1124 atque
942 1046 998 1104 boc
1022 1045 1055 1104 fit
1075 1048 1128 1122 post

131 1138 235 1198 lunera
254 1134 291 1195 lV
314 1153 450 1197 uxorum.
486 1136 626 1208 Quamvis
649 1135 773 1196 babeam
796 1137 935 1195 eximium
958 1132 1128 1212 epicoedium

130 1224 184 1286 nn,
210 1222 418 1306 Gryphiandri,
442 1225 537 1287 adhuc
559 1234 659 1286 tamen
682 1227 815 1285 incertus
835 1242 901 1283 sum
918 1222 955 1282 de
974 1223 1022 1282 die
1046 1221 1127 1281 obitus

131 1312 213 1375 Elian
237 1311 393 1393 llensneri,
417 1317 461 1374 nti
485 1322 514 1375 ct
538 1316 638 1375 fratris
661 1316 726 1375 eius
749 1305 914 1373 Nicolaiffl.
951 1311 1053 1390 ltaque
1075 1324 1127 1370 cum

131 1400 260 1482 vacabit,
293 1419 361 1462 011111
394 1421 448 1481 per
479 1410 546 1464 tuos
580 1421 680 1483 emes;
713 1404 829 1481 cupiam
857 1403 936 1463 enim
967 1389 1127 1461 additum⁴²8

131 1490 280 1553 Chronico
308 1490 523 1552 chronicorum
552 1491 695 1553 Gualterii
721 1493 825 1552 nostri.
874 1489 977 1571 Vides,
1004 1496 1127 1568 quantum

130 1579 187 1641 tibi
211 1580 353 1641 lacessam
379 1582 498 1657 negotii.
545 1580 603 1641 Sed
626 1583 667 1641 ita
695 1580 789 1661 soleo,
821 1586 901 1641 tanto
929 1578 1049 1658 quidem
1074 1591 1128 1636 con·

132 1669 283 1750 iblcntius,
307 1668 385 1748 rpuod
410 1687 469 1729 non
493 1687 629 1730 recusem
647 1670 727 1730 idem
749 1671 781 1729 in
800 1687 855 1730 me.
884 1667 943 1729 Fac
962 1668 1049 1728 modo
1067 1664 1128 1746 peri-

133 1757 242 1821 eulum.
289 1757 410 1818 iuterim
436 1757 514 1818 salve
538 1777 572 1819 ac
600 1757 663 1818 vale
691 1776 707 1817 a
734 1761 870 1819 tuissimo
895 1756 1047 1818 Grutero
1072 1755 1129 1814 haec

133 1846 284 1907 irrtrdontis
309 1839 382 1929 (sic)
407 1845 464 1907 XV.
484 1846 569 1907 Febr.
592 1843 677 1909 1616
700 1844 973 1926 Heidelbergae.

348 2066 396 2137 bi.
428 2070 454 2137 Ι.
479 2070 638 2140 Gruterus
661 2072 715 2139 Ob.
738 2070 935 2140 Hoeflicbio.

133 2189 398 2260 Heidelbergue.
934 2199 960 2250 1.
979 2195 1050 2264 Aug.
1070 2195 1129 2247 ltro.

199 2287 280 2348 Clffl.
302 2288 470 2367 eximioque
512 2289 577 2347 viro
614 2287 686 2348 Duo.
724 2287 937 2369 Christophoro
979 2287 1130 2351 Hoeilicbio

132 2378 245 2457 patriae
270 2395 340 2438 suae
364 2395 381 2436 a
405 2378 530 2437 secretis
554 2384 609 2438 etc.
633 2377 855 2456 Norimbergae.

201 2466 229 2525 S.
249 2464 279 2526 Ρ.
313 2464 427 2525 Literas
451 2471 530 2546 tuas,
559 2484 683 2544 quarum
710 2469 888 2548 meministi,
917 2467 1018 2529 nullus
1042 2462 1132 2541 recepi.

133 2552 225 2613 lmmo
250 2571 321 2612 num
344 2571 427 2613 meae
450 2562 618 2633 postremae
642 2564 710 2617 ante
733 2556 808 2616 duos
836 2575 955 2617 menses
984 2558 1068 2618 datae
1091 2549 1134 2613 tibi

134 2641 165 2701 in
198 2658 302 2701 manus
334 2644 483 2724 venerint,
517 2642 628 2704 dubito.
679 2644 718 2704 lis
751 2647 830 2705 enim
863 2644 1027 2706 iudicaram
1059 2656 1136 2725 penes

134 2728 165 2791 D.
190 2723 426 2791 Gernandum⁴¹⁹
454 2749 520 2792 esse
549 2735 647 2793 omnia
675 2740 706 2794 et
732 2734 848 2812 singula
875 2742 1012 2813 poemata
1040 2729 1137 2795 Melissi

134 2817 303 2901 aocudocu,
327 2827 461 2880 correcta
486 2827 515 2881 et
538 2820 574 2881 ad
597 2822 714 2900 prelum
736 2831 839 2901 parata
862 2842 879 2883 a
901 2825 967 2883 vivo
991 2832 1086 2902 poeta.
1116 2817 1139 2878 ls

134 2910 161 2969 si
184 2910 325 2971 caedere
345 2911 376 2970 in
396 2911 494 2970 animo
514 2917 602 2992 esset,
621 2911 776 2973 videbatur
794 2911 850 2972 tibi
869 2915 1140 2974 communicaturus·

133 2996 242 3059 Verum
264 3005 299 3060 ut
321 3016 357 3058 ex
380 3001 540 3078 postremis
564 3001 631 3059 istIs
659 3003 719 3061 tuis
746 3000 894 3081 intelligo,
922 3000 1003 3062 aliud
1024 3019 1097 3063 onus
1116 3001 1143 3057 in

133 3085 267 3148 humeris
285 3085 341 3147 tibi
360 3095 414 3168 est,
435 3105 490 3167 per
508 3087 587 3166 quod
607 3093 800 3150 amoenitates
820 3097 1010 3168 sequestrare
1031 3104 1143 3152 necesse

132 3173 265 3236 habebis.
289 3174 467 3254 Dignitatem
491 3170 601 3236 eam⁴³⁰
627 3178 683 3239 tibi
711 3177 843 3257 gratulor
870 3178 1028 3258 faustaque
1056 3179 1146 3240 onmia

134 3279 168 3320 ac
196 3261 293 3322 felicia
321 3265 352 3323 in
380 3282 414 3324 ea
441 3264 497 3326 tibi
525 3284 615 3326 voveo
643 3286 679 3327 er
707 3275 769 3328 toto
800 3275 929 3346 pectore.
977 3267 1148 3330 Gernandus

135 3355 202 3408 ante
226 3349 327 3427 plures
351 3370 443 3412 annos
467 3353 700 3433 Philippicorum
719 3356 832 3434 aliquot
851 3364 977 3418 centena
996 3357 1151 3438 expetebat

128 3435 366 3518 expectabamus
387 3457 444 3520 pro
463 3440 579 3504 Melissi
594 3447 749 3524 poematis.
786 3446 982 3524 aequoniam
1006 3449 1067 3507 iam
1090 3445 1152 3507 nul·

107 3521 163 3583 lus
192 3534 255 3610 est,
290 3532 344 3592 cui
374 3530 504 3595 obtrudi
530 3536 670 3615 possint,
697 3540 848 3615 perpetuo
872 3531 1068 3591 luctsbumuu
1093 3553 1160 3594 eum
