2370 3840
124 164 168 229 80
556 162 577 219 1.
598 161 710 218 Gruteri

103 319 104 322 ’
126 315 231 395 sciam3
254 314 369 373 mittam
393 331 461 373 cum
479 311 633 372 tabellario
652 312 764 392 aliquo:
787 315 836 372 vix
855 315 937 375 euim
955 309 1134 394 supera<u>t

126 409 211 462 terna
233 401 302 462 lolia
326 401 411 462 sacile
431 400 573 481 epistolae
593 401 779 464 includenda.
816 402 851 463 ln
870 421 929 482 quo
948 410 1051 464 tamen
1069 402 1134 464 nihil

128 491 260 552 offendes
286 490 322 551 ad
345 498 430 552 tuum
453 498 581 570 gustum.
626 490 670 551 lta
693 509 747 570 ego
770 511 832 552 nou
855 492 966 573 solum,
991 501 1024 554 ut
1048 511 1134 572 canes,

126 579 226 640 Nilum
249 580 319 662 libo,
343 580 395 640 sed
418 586 448 640 et
471 579 585 641 catulos
602 582 687 659 pario
706 598 818 641 caecos.
855 581 935 662 Vale,
960 584 1007 642 vir
1025 582 1134 662 amplis·

128 671 216 751 sime,
244 677 274 731 et
300 668 378 729 salve
407 688 423 729 a
450 677 501 729 tuo
530 668 668 729 omuibus
696 668 792 729 modis
821 669 963 751 (butero,
993 673 1046 750 qui
1073 673 1134 732 haec

126 757 340 910 [ἰέ3ὁ3ξίρ1131131
355 757 441 837 plane
457 757 604 837 extemplo
620 751 923 844 (Heidelbergae)‚
942 760 992 820 die
1007 760 1088 822 lunii
1101 753 1133 822 8⁰.

129 1035 181 1108 ol.
214 1035 304 1106 Ol.Illis
326 1038 559 1127 praestantius.
582 1037 664 1106 viris
688 1039 801 1106 Dllnn.
825 1038 977 1107 dunrado
1000 1039 1136 1108 Ritters-

169 1145 274 1231 lusio,
297 1144 450 1212 Michaeli
472 1144 634 1230 Piccarto‚
659 1144 844 1213 Christiano
867 1144 1019 1214 Acidalio
1027 1145 1067 1184 ³⁹³
1080 1198 1107 1212 ..

131 1267 418 1337 (Heidelbergae).
845 1273 887 1324 11.
906 1268 980 1338 Aug.
1000 1269 1137 1340 (1607)³⁹⁴.

196 1380 224 1441 S.
253 1379 283 1442 P.
325 1381 420 1441 Amici
447 1383 604 1442 triumviri.
651 1381 773 1443 Subitus
806 1382 953 1444 tabellarii
985 1383 1084 1445 abitus
1114 1390 1139 1443 et

129 1469 227 1531 luctus
254 1489 339 1531 meus
370 1489 459 1550 supra
487 1471 607 1531 modum
634 1479 668 1532 ut
695 1489 801 1532 recens
829 1474 870 1532 ita
897 1475 1061 1554 maximus,
1092 1490 1139 1534 cur

129 1561 254 1621 iunctim
277 1579 329 1620 vos
352 1559 536 1641 compellem,
559 1561 637 1621 iacit.
674 1559 741 1621 Nou
763 1562 874 1622 frustra
891 1568 934 1641 tu,
958 1560 999 1622 Cl.
1019 1561 1139 1622 Ritters·

129 1649 211 1731 husi,
247 1649 429 1729 respiciebas
466 1651 498 1709 in
534 1648 585 1709 illo
622 1656 673 1710 tuo
694 1650 815 1728 ⁸grandi
852 1645 980 1711 luctu³95
1016 1652 1053 1712 ad
1090 1669 1139 1711 me.

130 1738 246 1819 Quippe
278 1738 313 1800 X.
345 1739 471 1818 Augusti
504 1757 609 1799 rursus
641 1741 728 1799 amisi
761 1738 986 1801 dilectissimam
1018 1758 1140 1820 meoque

129 1830 228 1888 animo
256 1830 376 1907 proprie
404 1829 512 1889 factam
541 1830 697 1906 coniugem
722 1830 879 1908 praecipiti
902 1822 1029 1911 casum,
1058 1846 1141 1909 quem

129 1919 243 1976 rescies
271 1935 307 1977 ex
335 1916 498 1978 subitaneis
527 1919 602 1977 mois
630 1917 667 1977 ad
694 1917 748 1978 Du.
771 1916 905 1979 Remum.
928 1917 1071 1989 Quamvis
1095 1919 1141 1978 do·

130 2007 255 2066 mastico
279 2004 376 2066 dolori
397 2013 492 2067 totum
516 2015 545 2067 te
570 2006 697 2087 dederis,
720 2024 781 2068 nou
803 2008 917 2086 poteris
939 2013 1051 2089 tamon,
1075 2009 1141 2086 quin

130 2094 204 2154 mibi
232 2095 387 2155 condoleas
415 2102 445 2156 et
472 2098 557 2175 quasi
584 2114 660 2156 novo
682 2096 800 2157 feriaris
823 2096 960 2157 vulnere:
988 2098 1032 2157 ita
1055 2096 1142 2158 multa

130 2185 163 2244 iu
186 2202 220 2245 ea
244 2191 274 2245 et
296 2186 375 2245 circa
399 2203 464 2245 eam
483 2191 577 2265 erant,
601 2204 675 2264 quae
694 2185 931 2246 misericordiam
950 2188 1083 2248 excitent
1100 2184 1143 2244 rel

131 2274 237 2335 ferreo.
274 2273 383 2335 Verum
406 2275 463 2335 hoc
485 2292 533 2334 me
554 2273 647 2335 solor:
671 2274 750 2353 quod
768 2273 847 2335 Deus
866 2274 958 2355 dedit,
981 2274 1062 2338 Deus
1081 2275 1142 2336 abs·

129 2363 212 2445 tulit,
239 2371 270 2424 et
295 2363 345 2424 ille
373 2363 494 2444 quidem
517 2362 609 2443 Dede,
637 2381 726 2443 quem
754 2355 838 2447 (cum
865 2363 998 2443 quotidie
1022 2372 1142 2445 paterno

131 2455 250 2512 nomine
275 2452 462 2533 compellem,
489 2451 612 2513 iubente
638 2452 759 2532 quidem
781 2452 842 2512 filio
866 2454 930 2514 eius
953 2448 1060 2538 unico)
1085 2455 1142 2515 scio

131 2547 162 2601 et
189 2541 305 2601 conlido
328 2540 406 2601 nolle
429 2543 546 2602 ruinam
569 2558 667 2603 meam
690 2548 745 2602 etc.
791 2541 870 2603 Haec
892 2540 982 2602 libuit
1004 2543 1143 2622 scribere,

131 2636 165 2689 ut
191 2647 311 2709 nosses,
338 2648 426 2709 quam
454 2633 577 2692 minime
605 2637 691 2710 aptus
717 2633 757 2691 sit
779 2631 815 2691 ad
838 2631 1021 2693 inveniundo
1045 2632 1142 2694 solatia

131 2718 196 2779 aliis
220 2717 278 2779 sibi
300 2721 399 2798 potius
424 2720 605 2799 applicanda.

197 2807 348 2886 Reliquias
370 2807 478 2869 Isidori
497 2828 513 2869 a
530 2808 682 2869 lanneloto
701 2827 858 2888 expressas
879 2809 1002 2870 servabo
1023 2812 1056 2872 iu
1074 2818 1143 2871 tem·

130 2916 187 2976 pus
210 2898 419 2960 nundinarum.
460 2898 544 2960 Tunc
567 2900 656 2959 etiam
679 2897 851 2959 submittam
873 2900 970 2978 pretia
992 2898 1144 2979 librorum,

132 2987 168 3047 de
193 2987 301 3067 quibus
325 2989 434 3048 iterum
457 2987 534 3049 vulsi
557 3006 660 3048 aurem
680 2981 862 3068 Rouutio³⁹⁷,
886 2990 938 3067 qui
956 2990 1031 3050 item
1051 3007 1144 3050 exem·

131 3076 225 3156 plaria
244 3080 344 3139 statim
363 3077 501 3157 supplere
519 3084 650 3160 paratus,
669 3095 744 3156 quae
763 3076 933 3138 defectuosa
946 3071 1144 3140 innuebas³⁹t

132 3166 169 3226 At
191 3166 259 3247 ubi,
286 3166 357 3228 Due.
381 3166 528 3248 Piccarte‚
555 3165 649 3227 multo
676 3167 820 3227 maximas
848 3165 942 3227 debeo
971 3171 1083 3246 gratias
1111 3166 1144 3227 ob

132 3257 336 3316 transmissam
364 3255 600 3336 Disputationem
631 3256 668 3318 de
700 3255 860 3316 virtutibus
887 3250 1145 3337 imperatoriis³⁹⁹;

132 3360 192 3403 nou
225 3343 355 3424 ambigo,
388 3346 461 3424 quin
490 3344 533 3405 ibi
560 3347 605 3406 tui
632 3344 739 3405 similis
768 3345 874 3427 fueris,
905 3345 1007 3407 brevis
1037 3353 1146 3426 acutus,

115 3430 240 3508 planus.
291 3432 357 3494 Tibi
382 3452 461 3517 reru,
485 3433 557 3497 Due.
581 3433 704 3517 Acidali,
724 3433 851 3496 multum
875 3434 978 3516 debeo,
1005 3436 1085 3515 quod
1108 3435 1146 3495 le·

106 3521 189 3581 raris
215 3520 328 3587 labore
355 3527 525 3590 muniendi
552 3533 675 3589 tomum
696 3525 874 3587 criticorum
892 3529 1013 3582 scitum
1030 3523 1150 3600 epistola
