2370 3840
131 183 174 250 32
558 189 578 243 Ι.
598 187 712 246 bruteri

132 345 298 417 paratuque
321 356 381 397 non
412 337 485 398 adeo
515 341 655 400 instructi
683 357 719 400 ex
742 346 824 421 voto,
852 342 943 401 arctis
966 340 1016 402 bis
1039 349 1146 422 tempo-

132 427 225 488 ribus.
272 426 329 488 Sed
353 426 443 508 bene,
472 427 550 507 quod
578 427 649 489 licet
676 427 795 508 longius
823 428 936 511 dissiti,
963 432 1031 490 veri
1050 438 1147 492 tamen

133 518 280 576 sermonis
304 518 463 595 imaginem
486 524 712 596 repraesentare
742 516 844 578 licebit
867 517 1005 597 epistolis
1029 519 1147 581 familia·

132 607 206 666 riter
239 607 367 684 scriptis.
422 605 484 684 Ego
517 612 599 666 certe
632 608 712 667 vices
744 625 827 667 meas
858 606 985 687 pulchre
1020 608 1147 690 servabo,

132 694 275 756 hactenus
298 702 332 755 ut
355 693 472 776 loquar,
500 713 560 755 non
584 697 674 755 etiam
697 702 731 756 ut
753 703 848 776 recte,
876 703 910 757 ut
933 705 1049 758 curate.
1096 698 1147 770 Qui

133 787 227 866 enim,
260 802 384 865 quaeso,
415 790 476 844 tam
506 783 608 863 putide
641 784 677 845 ad
710 781 843 845 amicos?
888 784 983 846 lmmo
1013 805 1087 848 vero
1115 805 1147 848 ne

132 876 258 953 nescias,
282 875 324 933 mi
342 871 532 954 llittersbusi,
555 875 581 933 is
600 873 673 933 mibi
695 891 770 955 mos,
793 881 826 934 ut
844 873 967 955 isthaec,
992 894 1071 954 quae
1094 894 1146 937 uno

133 970 215 1023 stans
239 965 270 1022 in
288 961 364 1041 pede
388 963 522 1044 expedio,
545 980 583 1022 ne
602 961 732 1040 relegam
751 962 885 1044 quidem3
908 981 946 1024 ne
966 963 1045 1026 forte
1065 973 1146 1046 putes

132 1070 180 1111 me
203 1050 249 1111 rel
272 1070 351 1112 nunc
371 1050 416 1110 vel
440 1051 580 1130 deinceps
604 1058 815 1112 excusaturum
839 1069 944 1112 eorum
962 1053 1146 1133 impolitiam

132 1139 211 1221 Vale,
230 1142 275 1199 vir
294 1139 505 1220 eruditissime,
524 1147 554 1200 et
568 1139 694 1201 salntem
712 1140 872 1220 plurimam
889 1143 954 1201 viro
974 1141 1011 1204 cl.
1026 1141 1146 1205 Domino

133 1227 243 1288 Gentili
266 1247 321 1289 nec
344 1246 404 1288 non
427 1227 459 1288 D,
484 1224 679 1310 Taurello¹³⁴,
707 1248 797 1308 quem
824 1229 895 1290 licet
922 1229 959 1291 de
983 1231 1071 1293 vultu
1092 1250 1147 1294 uon

132 1316 259 1377 viderim
295 1335 438 1398 unquam,
476 1325 504 1378 at
537 1337 573 1378 ex
609 1313 792 1379 versibus¹³⁵
827 1318 926 1379 iudico
963 1323 1146 1402 aestimoque

132 1405 284 1466 bominem
307 1406 436 1487 doctum,
458 1406 609 1468 bominem
633 1415 771 1486 argutum
790 1415 820 1468 et
838 1415 1010 1470 nostrarum
1030 1413 1147 1471 omnino

133 1498 250 1556 artium.

176 1602 453 1685 Heidelbergae,
473 1604 520 1664 die
539 1602 613 1664 Xlll.
624 1603 738 1665 Ianuar.
756 1602 919 1685 Moxclfl,
939 1623 1031 1684 quem
1049 1605 1105 1667 tibi
1122 1613 1149 1667 et

133 1710 224 1754 novae
248 1701 357 1773 nuptae
366 1687 405 1727 ¹³⁶
429 1693 546 1754 felicem
569 1700 639 1773 opto
662 1692 891 1772 secundumque.

338 1898 387 1967 27.
423 1901 449 1967 Ι.
473 1900 631 1969 Gruterus
656 1901 687 1968 0.
710 1900 944 1970 Rittersbnsio.

133 2020 397 2092 Heidelbergae.
899 2028 943 2082 24.
962 2023 1054 2095 April.
1077 2031 1148 2081 1593.

200 2117 229 2178 S.
248 2116 278 2177 P.
310 2117 436 2178 Multum
463 2136 510 2178 me
534 2121 612 2199 cepit
635 2118 788 2180 familiaris
817 2118 867 2180 ille
895 2137 1005 2202 sermo,
1034 2123 1089 2200 qui
1120 2123 1148 2181 in

132 2210 292 2286 postremis
322 2207 358 2268 ad
385 2226 434 2268 me
461 2209 534 2288 tuis,
565 2208 729 2269 clarissime
756 2207 947 2290 Rittersbusi,
979 2217 1012 2270 et
1043 2209 1148 2272 vellem

132 2296 232 2358 hercle
255 2305 406 2377 praestare
426 2297 536 2377 aliquid
556 2299 695 2377 opinione
714 2304 764 2357 tua
784 2297 950 2377 affectuque
969 2299 1029 2359 isto
1049 2307 1147 2361 vestro

133 2386 262 2464 dignum.
309 2387 394 2448 Nunc
422 2394 454 2447 ut
481 2387 554 2447 haec
582 2393 652 2447 sunt
678 2394 828 2467 tempora,
858 2385 920 2447 sola
947 2385 1004 2448 tibi
1033 2396 1148 2468 oportet

86 2469 88 2473 ’
133 2476 294 2535 satisfaciat
316 2476 451 2536 voluntas
469 2490 569 2555 eaque
592 2494 663 2536 sane
687 2477 767 2536 inte
790 2477 894 2554 tuique
923 2475 1040 2538 similes
1063 2477 1149 2558 plano

133 2580 200 2622 sum
223 2565 330 2623 eximia
352 2582 449 2643 neque
469 2573 583 2626 vestrae
603 2565 807 2626 observantiae
827 2571 857 2625 et
875 2566 971 2625 amori
989 2567 1150 2646 quicquam

133 2650 218 2713 lacile
241 2652 441 2732 praetulerim.
479 2652 563 2724 Quod
587 2655 679 2733 igitur
702 2653 773 2713 lelix
797 2660 826 2714 et
849 2653 980 2715 faustum
999 2663 1148 2717 certemus

133 2741 189 2802 hoc
222 2748 386 2823 certamen,
419 2744 450 2802 in
483 2761 542 2822 quo
574 2761 726 2821 nunquam
763 2760 809 2802 me
842 2742 1039 2806 succumbere
1073 2747 1151 2806 siuet

133 2832 240 2911 cupido
265 2831 315 2892 ille
339 2833 476 2910 quisquis
500 2840 561 2913 est,
590 2851 648 2911 quo
676 2850 723 2891 me
746 2838 842 2892 totum
869 2831 905 2892 ad
928 2835 1022 2893 vestri
1046 2852 1151 2914 appro-

131 2918 281 2982 bationem
313 2920 409 2980 formo
442 2920 612 3000 excoloque.
659 2920 733 2981 Nam
765 2939 848 2982 mero
881 2939 982 2982 amore
1015 2940 1054 2984 ne
1088 2925 1151 3003 ipse

131 3011 271 3071 vincendi
303 3009 424 3089 quidem
457 3029 509 3089 spe
543 3009 578 3070 ad
606 3029 653 3070 me
684 3012 764 3070 irent
787 3009 900 3071 Damon
929 3017 980 3071 aut
1008 3010 1152 3092 Phintias,

133 3098 205 3158 adeo
228 3099 277 3160 bic
300 3118 370 3160 vere
394 3101 523 3160 invictus
546 3118 615 3180 ogo,
645 3098 864 3178 voluissemque
888 3117 1002 3178 nupere
1026 3102 1059 3160 in
1084 3101 1153 3162 latis

133 3185 240 3247 suisset
266 3191 405 3267 propiore
439 3197 538 3249 tecum
569 3187 710 3267 congredi
742 3186 855 3269 duello;
887 3195 971 3267 terga
1003 3207 1154 3270 nusquam

132 3276 297 3336 vertissem.
343 3277 452 3338 Verum
476 3279 616 3356 quoniam
644 3277 674 3337 id
698 3295 758 3338 non
785 3276 871 3338 licuit
894 3284 923 3338 et
946 3277 995 3338 hic
1018 3277 1153 3341 Palatino

134 3360 246 3440 defigor
269 3363 364 3446 clavo,
397 3366 502 3427 saltem
529 3367 615 3445 longe
644 3365 809 3427 iaculemur
837 3365 912 3427 alata
940 3366 1030 3428 verba
1059 3371 1154 3431 tincta

127 3469 190 3512 oon
215 3470 328 3514 veneno
350 3453 466 3538 lethali,
497 3455 551 3516 sed
573 3454 662 3517 melle
683 3455 746 3538 illo,
772 3455 853 3534 quod
874 3456 1155 3535 inexstinguibilem

108 3541 244 3606 mentiar
265 3544 414 3610 cordibus
440 3554 564 3611 aestum
587 3563 743 3628 quemque
759 3561 821 3604 nec
839 3544 993 3616 exstingui
1006 3548 1162 3618 cupiamus
