2370 3840
83 174 127 239 36
512 173 533 227 I.
552 171 665 227 Gruteri

74 323 154 384 tialis
178 325 349 402 potissimas
373 322 483 382 babent
505 329 619 403 partes3
643 323 680 382 iis
698 324 820 401 inquam
838 325 963 403 proprie
983 323 1095 385 dicatus

75 421 129 473 est
167 413 325 491 specimen
348 410 429 471 edidi
451 419 519 471 ante
543 418 674 471 annost
661 405 779 492 t‚res¹·''³
802 411 882 490 quod
900 415 1051 494 requires,
1073 415 1096 473 si

76 504 152 562 tanti
175 508 230 583 est,
254 508 391 562 anostro
406 499 620 560 Wesembecio.
657 500 686 560 ls
705 503 795 582 enim,
818 509 851 561 ut
868 509 953 583 puto,
977 501 1095 563 babebit

77 590 236 670 exemplar.
282 590 383 668 ltaque
413 589 491 668 quod
515 591 698 668 epigramma
718 597 748 650 e
771 589 948 671 poscebam,
972 599 1038 652 erat
1060 594 1095 651 iis

77 680 162 741 libris
189 682 324 760 proprie,
353 696 479 757 quorum
507 680 669 757 unicuique
696 677 755 738 tale
781 685 926 740 attextum
951 680 1095 741 emblema

77 770 113 831 ab
138 771 254 851 amicis,
277 769 385 847 hicque
409 766 501 827 habes
524 766 653 846 aliquam
676 766 778 849 media,
802 785 877 846 quae
901 768 1013 830 deinde
1037 772 1095 830 suis

76 867 226 939 ponentur
257 857 340 918 locis,
385 855 504 917 Utinam
537 863 567 916 et
599 857 678 917 inter
705 874 757 917 eos
785 875 890 917 versus
918 857 964 917 illi
993 861 1095 938 arguti,

79 967 154 1028 quos
182 950 272 1008 nimis
300 948 410 1007 iniurie
438 945 588 1024 tardipedi
616 945 722 1006 dicasti
749 945 818 1026 deo,
847 965 914 1007 cum
938 946 1094 1009 debuisses

77 1041 177 1117 potius
200 1037 262 1097 lovi
285 1035 382 1115 philio
407 1044 436 1095 et
459 1041 544 1095 natae
568 1036 633 1095 eius
657 1033 785 1095 Thaliae.
832 1034 865 1107 Si
887 1035 979 1097 rerba
1004 1044 1095 1116 tenes,

79 1144 188 1206 quaeso
226 1127 271 1185 lac
304 1126 479 1184 memineris
511 1141 705 1184 numerorum
737 1141 848 1203 eosque
880 1143 940 1185 una
974 1125 1095 1186 habeam

79 1233 147 1275 cum
171 1216 382 1293 epigrammate
402 1215 497 1273 nostri
516 1214 683 1274 communis
703 1215 791 1273 amici
809 1212 841 1273 D.
861 1211 1003 1295 Gentilis3
1026 1223 1095 1294 puto

81 1304 162 1362 enim
185 1305 243 1362 iam
267 1295 499 1362 exambiissoffl.
537 1300 622 1372 Quod
646 1303 689 1362 ais
713 1302 750 1363 de
770 1301 901 1363 Senecae
925 1302 1096 1383 exemplari,

79 1391 158 1470 quod
177 1390 319 1472 Basilcae,
342 1389 429 1451 laudo
453 1391 605 1451 iudicium.
643 1389 701 1451 Sed
724 1393 800 1452 tanti
821 1389 933 1452 laboris
952 1400 1000 1454 est
1018 1411 1095 1454 com·

78 1488 183 1560 parare
211 1480 284 1541 baec
312 1483 369 1540 ista
398 1498 465 1540 cum
489 1481 659 1562 impressis,
686 1488 720 1541 ut
742 1480 913 1541 huiusmodi
937 1499 1015 1543 onus
1039 1499 1096 1542 non

79 1573 242 1651 suscipiam
266 1569 401 1651 amplius.
448 1568 480 1628 Si
503 1577 603 1630 tamen
627 1572 694 1649 quis
717 1568 787 1650 illic,
813 1571 866 1649 qui
888 1569 960 1631 inde
984 1570 1021 1632 ad
1045 1589 1097 1631 nos

79 1663 212 1722 mitteret
245 1667 398 1741 excerpta,
430 1677 537 1720 munes
569 1677 623 1720 nos
656 1661 845 1737 experiretur
871 1676 927 1720 nec
957 1677 1043 1721 suam
1071 1663 1097 1720 ei

79 1750 281 1810 invideremus
312 1752 343 1809 in
371 1748 448 1809 libro
476 1748 526 1809 illo
554 1755 656 1808 nostro
684 1746 809 1826 gloriam
837 1755 939 1827 aperta
967 1751 1098 1810 nominis

79 1839 275 1918 professione,
298 1845 440 1916 tanquam
463 1855 517 1916 per
541 1855 629 1915 quem
648 1836 887 1916 profecissemus.
908 1870 951 1880 —
975 1837 1026 1899 Sic
1045 1845 1097 1899 est.

79 1926 184 1987 lunius
211 1925 316 1986 babuit
344 1927 414 1986 olim
438 1924 496 1985 sibi
520 1928 676 2004 coniugem
699 1943 778 2007 eam,
807 1943 882 2004 quae
907 1933 973 1986 erat
996 1930 1099 1988 uxoris

80 2032 164 2074 meae
188 2009 405 2094 matertera¹⁶⁵;
428 2016 488 2072 iam
511 2020 611 2074 tamen
633 2014 682 2074 bic
706 2033 767 2074 non
791 2016 860 2096 agit,
883 2014 936 2075 sed
960 2013 1099 2095 Lugduni

81 2102 267 2184 Batavorum,
290 2096 380 2186 ubi*)
405 2108 472 2162 ante
497 2121 606 2163 annum
627 2101 708 2164 abiit.
723 2136 767 2146 —
781 2103 877 2164 Tuum
897 2099 1098 2166 ‘delicare’¹⁵⁶

80 2201 141 2253 tam
164 2212 268 2254 verum
291 2200 336 2253 est
359 2210 448 2271 quam
472 2193 550 2270 quod
574 2195 710 2252 maxime.
756 2191 794 2253 Et
817 2210 927 2271 quaeso
953 2200 999 2275 te,
1028 2194 1099 2274 quid

81 2286 230 2344 annotasti
257 2301 293 2342 ex
325 2280 385 2342 illis
413 2279 575 2342 Camerarii
602 2278 709 2342 libris?
754 2279 828 2342 Nam
856 2299 912 2361 ego
939 2301 1036 2345 unum
1065 2303 1099 2344 ex

81 2375 119 2433 iis
145 2366 251 2456 (unum
276 2374 355 2431 enim
378 2379 494 2432 tantum
518 2388 676 2449 superesse
700 2363 850 2454 putaram)
878 2388 895 2430 a
919 2369 1100 2434 Camerariis

81 2455 199 2540 petii¹⁵⁷
222 2467 252 2520 et
274 2460 399 2521 habebo.
436 2458 584 2520 Debebam
604 2467 634 2520 et
652 2477 708 2539 ego
727 2453 891 2539 quoquest*8
908 2478 990 2523 nuno
1010 2465 1101 2523 etiam

82 2548 194 2626 aliquid
218 2550 365 2629 criticum,
389 2549 441 2610 sed
465 2548 619 2610 excusabit
641 2567 689 2609 me
708 2547 764 2609 tibi
782 2550 926 2627 temporis
944 2558 1101 2632 punctum,

84 2656 142 2717 quo
170 2636 242 2697 baec
271 2637 436 2699 scribillare
464 2656 554 2717 cogor
577 2637 634 2698 alio
658 2645 805 2699 avocatus.
851 2637 920 2698 Vale
943 2640 1049 2720 itaque
1073 2646 1101 2701 et

83 2726 176 2808 salve,
203 2728 246 2787 mi
274 2728 467 2808 amicissime,
496 2746 564 2788 cum
591 2745 684 2788 uxore
709 2734 738 2787 et
761 2726 877 2813 liberis3
905 2728 932 2787 si
955 2729 1102 2812 nondum,

83 2816 257 2878 Stabilinam
281 2835 333 2876 oro
358 2825 388 2878 et
410 2815 556 2878 Levanam
579 2823 698 2895 praesto
722 2819 791 2877 sint.

125 2924 390 3003 Heidelbergae
415 2923 472 2984 dat.
497 2921 548 2986 18.
571 2925 643 3002 Aug.
669 2922 822 2984 MDXClll.

538 3031 571 3093 T.
594 3033 676 3092 omni
701 3032 799 3092 officio
823 3030 846 3095 l.
868 3029 1059 3095 Gruterus.

153 3236 181 3306 *)
201 3237 314 3292 Sica
270 3256 280 3291 1
317 3256 365 3292 um
384 3236 535 3293 Gruterum
558 3237 703 3308 scripsisse
727 3237 908 3305 crediderim
931 3239 966 3295 of.
990 3240 1107 3298 emtori

83 3241 181 3376 episi.)
188 3305 220 3361 in
238 3307 269 3364 G
281 3255 419 3364 Pdlicbteri
443 3308 524 3379 epist.
548 3309 644 3367 select.
663 3328 689 3380 p.
711 3314 776 3365 5452
802 3309 941 3380 ‘Bretiae‚
960 3309 1013 3366 ubi
1031 3312 1107 3369 redii

83 3379 226 3434 antelatos
245 3380 378 3436 menses'.
