2370 3840
104 154 166 217 118
505 150 710 207 Adnotationes

100 295 158 350 400
187 295 286 350 Christ.
315 294 461 348 Acidalius
488 293 694 363 praefationem
722 293 760 347 ad
782 292 846 346 Val.
869 292 994 346 Acidalii
1021 293 1116 347 fratris

101 365 290 421 divinationes
308 368 338 420 et
352 365 599 435 interpretationes
612 365 760 418 Plautinas
776 363 897 433 scripsit,
917 381 991 433 quae
1005 367 1118 418 exstant

99 438 130 491 in
140 437 253 493 Gruteri
261 438 404 507 lampade
420 436 479 491 sive
493 437 555 490 face
570 436 674 490 artium
685 435 846 490 liberalium
856 435 910 489 hoe
919 439 965 489 est
973 436 1117 490 Thesauro

101 509 199 563 critico
218 512 285 563 tom.
303 509 347 578 VI,
366 508 495 562 Francos.
516 513 593 562 1612.
667 506 723 562 401
742 508 781 562 Io.
800 507 940 561 Meursius
960 507 999 561 Io.
1014 507 1117 560 Barne-

98 580 195 647 veldii,
214 579 342 634 Nestoris
361 579 479 650 reipubl.
494 579 660 648 Batavinae,
679 579 745 632 filiis
764 578 988 648 peregrinationi
1006 580 1118 648 tempus

101 651 218 721 aliquod
244 651 353 706 daturis
381 654 528 719 tamquam
556 650 676 721 ephorus
703 650 880 720 praepositus
909 649 998 703 etiam
1027 650 1117 704 Altor-

98 724 165 777 fium
192 722 268 778 visit.
311 721 389 777 Gonf.
408 722 494 775 Mich.
522 721 644 776 Piccarti
672 721 821 791 epistolam
844 720 958 775 Altorfii
982 727 1026 774 10.
1046 722 1116 790 Aug.

100 801 168 849 1607
188 795 226 848 ad
246 795 282 850 lo.
297 793 452 848 Meursium
470 793 606 863 scriptam
623 793 698 847 inter
716 792 797 863 epist.
816 791 938 847 Gudian.
955 811 983 861 p.
1000 798 1055 846 260
1064 810 1116 860 sq:

101 865 187 920 ‘Cum
214 865 297 947 multi
321 865 494 947 hisdiebus
513 864 589 934 apud
611 864 829 945 meinstarent,
851 865 926 918 ..ut
950 863 1115 945 orationem,

97 954 186 1062 au
195 937 285 1078 6101
294 936 615 1077 ezssttttltltt
631 935 1115 1075 §lltdltlltttlttuet

101 1080 217 1133 tandem
240 1079 310 1149 ipsis
334 1097 416 1135 sum.
434 1122 439 1134 .
456 1122 461 1133 .
477 1096 562 1147 quam
584 1077 768 1133 nobilissimis
786 1078 844 1131 tuis
862 1077 1055 1132 Bamefeldiis
1076 1077 1116 1130 in·

99 1151 219 1205 scribere
241 1196 245 1206 .
267 1194 271 1205 .
293 1151 386 1221 cogito
407 1193 412 1204 .
434 1193 439 1204 .
461 1192 466 1203 .
485 1153 514 1204 te
537 1167 606 1220 rogo
622 1195 627 1206 .
644 1194 665 1218 .,
689 1153 722 1203 ut
755 1149 861 1203 sincere
894 1149 1015 1218 dixeris,
1049 1149 1116 1218 quid

100 1224 134 1277 de
165 1223 219 1276 hoc
247 1221 379 1275 instituto
409 1238 472 1275 meo
499 1222 553 1275 tibi
580 1221 723 1289 videatur,
756 1221 845 1280 tribus
873 1220 968 1274 verbis
999 1221 1115 1291 aperies.

98 1294 170 1418 Itepr
210 1295 279 1391 quot
321 1293 413 1347 adhuc
455 1293 515 1347 dies
551 1293 720 1347 nobilissimi
754 1292 798 1345 tui
832 1291 879 1346 hic
915 1292 1116 1346 commoraturi

98 1382 141 1417 sm

170 1433 227 1490 402
246 1436 287 1489 De
306 1435 470 1503 Hoeflichio,
488 1437 574 1505 poeta
593 1438 621 1490 et
639 1435 712 1503 tho,
731 1453 757 1489 v.
772 1433 996 1504 Will-Nopitseh
1016 1435 1043 1487 Η
1058 1440 1115 1501 146,

98 1506 215 1576 111104,
239 1506 636 1576 Joecher-Adelung112037.
674 1505 876 1575 Norimbergae
901 1506 976 1558 circa
1002 1523 1027 1561 a.
1049 1511 1116 1558 1589

97 1580 182 1632 natus
202 1580 257 1644 est;
282 1579 347 1632 ante
367 1595 391 1633 a.
408 1584 476 1631 1610
496 1577 645 1631 Altorfium
663 1576 805 1647 profectus
825 1577 862 1630 ad
879 1577 974 1630 studia
994 1577 1116 1630 maxime

98 1651 174 1719 apud
197 1649 415 1704 Rittershusium
440 1649 575 1703 incubuit.
618 1650 690 1702 Tum
714 1650 750 1703 ab
775 1654 1010 1703 61612-1614
1034 1649 1116 1702 16666

98 1724 294 1790 commoratus,
322 1739 346 1776 a.
368 1725 437 1774 1615
460 1720 578 1789 reipubl.
598 1719 842 1791 Norimbergensis
866 1719 1001 1787 syndicus
1025 1721 1116 1774 factus

100 1796 149 1848 est.
187 1794 219 1847 A.
237 1799 306 1846 1630
328 1791 375 1847 vel
394 1797 461 1845 1631
487 1792 562 1845 diem
586 1809 745 1861 supremum
769 1791 849 1846 obiit.
886 1791 1037 1860 Epistolae
1061 1807 1118 1858 eae,

100 1881 172 1931 quae
201 1881 219 1916 6
242 1863 342 1919 Christ.
368 1863 556 1917 ‘Hoellichio’
587 1863 625 1916 ad
647 1862 722 1918 Frid.
746 1862 946 1917 Hortlederum
974 1863 1063 1916 datae
1089 1861 1117 1914 in

99 1935 118 1988 I.
140 1933 167 1988 C.
184 1934 281 1988 Wolfii
309 1951 403 2003 consp.
433 1934 532 2003 supell.
561 1935 643 2004 epist.
671 1952 698 2003 p.
721 1940 772 1987 113
800 1935 994 2002 recensentur,
1024 1933 1115 2004 potius

100 2004 199 2058 Christ.
219 2005 375 2059 Hoeflichio
394 2005 554 2059 reddendae
574 2023 634 2060 6666
652 2005 735 2059 nobis
753 2005 894 2060 videntur.
1000 2003 1058 2060 403
1084 2003 1116 2056 ln

99 2075 212 2130 Gruteri
230 2075 347 2129 Publilii
366 2076 428 2144 Syri
447 2075 571 2130 editione
589 2077 729 2146 (Heidelb.
751 2079 831 2145 1604)
849 2093 920 2130 vers.
940 2081 984 2131 25.
1060 2073 1116 2130 404

98 2148 131 2202 V.
150 2146 352 2202 Reifferscheid
369 2166 396 2217 p.
414 2152 464 2201 755
484 2151 513 2201 60
531 2148 642 2216 Paquot
659 2167 686 2217 p.
702 2154 717 2200 9
738 2149 801 2202 adn.
817 2167 843 2217 g.
947 2145 1008 2203 405
1037 2148 1117 2201 Hunc

98 2219 157 2273 iam
176 2236 200 2274 a.
218 2225 286 2273 1612
310 2221 346 2289 (v.
367 2220 430 2274 adn.
451 2222 513 2288 240)
536 2222 678 2273 mortuum
701 2236 762 2273 esse
781 2219 915 2274 Gruterus
940 2222 1117 2289 compertum

98 2308 154 2345 non
172 2291 288 2361 habuit,
308 2291 357 2345 sed
377 2292 413 2345 ab
432 2291 587 2345 Hoeflichio
606 2309 657 2360 per
677 2290 797 2359 litteras,
818 2291 855 2344 ad
873 2308 945 2358 quas
959 2307 1005 2360 ep.
1022 2297 1056 2344 63
1076 2307 1117 2344 re·

99 2364 265 2433 spondebat,
289 2362 410 2417 rescivit.
453 2362 527 2416 Nam
551 2362 575 2415 si
599 2362 661 2430 quis
685 2361 765 2430 forte,
789 2379 857 2415 num
881 2379 970 2415 annus
993 2369 1065 2417 1614
1084 2367 1116 2415 62

99 2434 237 2504 epistolae
260 2437 336 2489 recte
359 2434 474 2487 additus
498 2433 547 2501 sit,
573 2433 697 2502 dubitet,
721 2434 792 2487 haec
816 2433 938 2502 suspicio
963 2450 999 2487 ee
1023 2451 1053 2489 re
1075 2450 1115 2486 re-

98 2509 234 2574 movetur,
254 2507 329 2574 quod
343 2505 514 2560 Hoeflichius
534 2505 637 2573 lenam,
658 2521 712 2574 quo
730 2504 802 2559 haec
821 2504 942 2574 epistola
960 2505 1052 2559 missa
1067 2508 1115 2572 est,

99 2593 124 2630 a.
141 2581 210 2629 1613
229 2577 343 2631 demum
361 2577 565 2647 commigravit.

169 2645 227 2701 400
246 2647 287 2702 De
301 2648 453 2719 Theopisto
469 2648 615 2702 comoedia
629 2667 653 2702 v.
664 2647 735 2702 Will
745 2647 770 2699 Il
784 2666 811 2716 p.
828 2652 886 2701 148.
943 2645 1002 2702 407
1021 2653 1044 2703 1.
1056 2647 1115 2702 Oct.

169 2717 227 2774 408
246 2718 307 2773 Nic.
324 2720 450 2774 Reusner
469 2723 563 2786 (natus
583 2726 607 2774 2.
622 2720 702 2775 Febr.
719 2724 796 2787 1545,
818 2724 859 2773 12,
874 2719 941 2787 Apr.
957 2724 1030 2773 1602
1043 2735 1115 2772 mor-

97 2793 180 2859 tuus),
198 2790 266 2844 inde
281 2791 317 2844 ab
333 2808 359 2844 a.
376 2797 444 2845 1569
459 2792 529 2862 prof.
544 2791 613 2844 iuris
627 2790 760 2845 lenensis.
789 2790 822 2845 V.
842 2789 979 2857 Giinther,
994 2789 1112 2844 Lebens-

99 2861 210 2916 slrizzen
228 2882 254 2932 p.
271 2868 317 2930 553
337 2863 456 2932 Allgem.
476 2863 616 2917 Deutsche
634 2863 728 2931 Biogr.
744 2865 786 2927 28,
807 2867 858 2915 299
869 2879 943 2929 sqq.;
964 2859 1110 2928 Stintaing,

98 2932 196 2987 Gesch.
213 2934 238 2989 d.
255 2934 409 2989 deutschen
423 2933 601 2988 Rechtswiss.
612 2934 625 2987 I
638 2952 665 3003 p.
678 2939 728 2987 710
739 2951 798 3001 sqq.
879 2931 937 2987 400
958 2930 1112 2987 Chronicon

97 3005 291 3059 chronicorum
315 3005 666 3075 ecclesiastico-politicum
682 3049 687 3060 .
705 3049 709 3058 .
725 3003 875 3059 collectore
894 3005 952 3059 loh.
968 3001 1113 3059 Gualterio

96 3076 198 3146 Belga,
227 3079 361 3146 quattuor
383 3076 573 3131 voluminibus
597 3079 771 3145 contentum,
799 3075 927 3131 Francos.
947 3076 977 3130 in
1003 3074 1115 3129 officina

96 3147 242 3202 Aubriana
262 3154 340 3204 1614.
396 3147 453 3203 410
479 3148 613 3202 Gruterus
632 3147 662 3200 in
681 3147 762 3217 epist.
782 3147 819 3201 ad
838 3148 876 3204 lo.
890 3147 1112 3201 Kirchmannum

98 3217 181 3285 (inter
205 3219 350 3274 Gudianas
375 3219 455 3289 epist.
479 3239 506 3289 p.
527 3222 601 3289 207);
632 3219 804 3273 ‘Chronicon
827 3218 1041 3287 chronicorum,
1065 3217 1160 3270 ubiA

98 3291 191 3343 exstat
217 3291 317 3344 titulus
346 3291 470 3345 virorum
497 3290 587 3344 literis
616 3290 824 3358 virtutibusque
850 3290 1006 3344 illustrium
1028 3306 1047 3343 a
1069 3298 1160 3340 me:

87 3359 327 3487 0710071
346 3361 660 3505 06οξ60166
680 3359 1160 3503 tertull-lata*

73 3501 166 3559 tarr't:
206 3503 358 3563 ‘Chronici
389 3480 595 3566 chronicorum
619 3504 690 3560 mei
715 3504 871 3558 editionem
889 3504 1025 3556 'uerutum
1045 3516 1160 3554 nur·-
