2370 3840
74 176 116 240 72
507 177 528 234 1.
548 173 661 230 Gruteri

74 328 229 408 lationem,
256 345 294 386 ne
322 327 526 404 imponeretur
553 327 680 404 emptori
708 321 998 412 compareretque*)
1023 348 1092 410 opus

75 415 214 476 mutilum
243 422 273 475 et
299 413 411 475 nullius
433 433 515 475 usus.
561 413 662 493 ltaque
687 416 713 474 si
735 417 814 475 intra
838 415 954 495 aliquot
977 436 1092 480 menses

77 513 176 566 vestra
198 511 304 565 nactus
327 504 421 584 fuero,
445 505 516 564 satis
540 504 638 564 luerit.
675 503 819 583 Virdungi
842 505 978 566 reditum
1002 507 1092 569 lihens

75 594 209 656 intellexi
241 601 271 654 et
303 594 467 654 doctiorem
499 598 617 672 poetam
645 592 750 653 Colero
782 611 832 653 res
859 595 928 672 ipsa
954 597 1092 658 vocaliter

77 685 191 747 clamat.
227 683 262 744 ln
285 682 409 761 reliquis
432 701 557 760 magnus
581 681 639 742 sibi
657 681 782 762 videtur,
805 682 881 742 mihi
899 687 950 744 vix
970 685 1092 747 habetur

75 772 340 835 intermediocres
370 770 487 852 Nescio,
497 790 572 850 quac
582 766 691 852 me<a>
702 772 821 831 fortuna
831 772 925 833 luerit
935 781 988 834 aut
997 778 1091 855 potius

74 866 176 944 latum,
201 861 295 943 quod,
319 879 386 921 cum
410 863 439 920 ei
462 863 572 939 optima
596 878 731 939 quaeque
754 859 859 921 vellem
883 869 915 922 et
937 863 1017 924 nulli
1038 883 1091 925 non

75 951 323 1031 commendarem,
345 957 444 1010 tamen
467 952 620 1010 rarissime
639 967 687 1009 me
706 948 802 1009 adiret
820 948 1089 1033 alloquereturque.

75 1042 107 1102 Si
140 1040 211 1120 quid
243 1043 275 1100 in
307 1042 372 1118 ipso
405 1045 451 1098 est
477 1041 617 1118 tumoris
649 1039 789 1099 retundet
815 1039 872 1099 hoo
900 1039 1089 1123 abradetquc,

75 1132 146 1192 dum
170 1130 258 1190 isthic
282 1131 354 1210 agit,
381 1128 475 1188 fastus
498 1120 714 1208 Polonicus³⁴⁵3
738 1135 827 1188 atne
851 1128 888 1189 ad
912 1147 970 1190 nos
995 1132 1091 1192 redeat

75 1217 337 1299 Pyrgopolynices,
363 1219 460 1277 cautio
485 1223 538 1276 est.
574 1215 654 1277 Haec
677 1234 732 1295 ego
755 1217 811 1277 tihi
833 1219 866 1277 in
889 1237 1006 1301 aurem,
1029 1239 1090 1282 cunr

76 1307 192 1367 videam
225 1307 314 1366 etiam
346 1314 375 1365 te
405 1313 465 1366 tam
493 1305 586 1366 lihere
615 1307 735 1366 sentire.
780 1305 893 1366 Vellem
922 1326 1029 1370 omnes
1054 1312 1090 1370 ita

78 1403 181 1457 essent
203 1413 258 1455 nec
281 1393 360 1455 aliud
384 1397 416 1454 in
439 1413 491 1455 ore
515 1395 637 1474 ferrent,
660 1393 738 1455 aliud
758 1397 789 1455 in
808 1402 940 1474 pectore.
978 1398 1089 1459 Literas

78 1492 144 1546 tuas
173 1483 280 1545 alteras
305 1484 341 1544 ad
365 1483 517 1544 Melissum
539 1484 662 1544 tradidit
683 1483 758 1543 mihi
781 1485 860 1545 idem
883 1484 935 1546 ille
960 1487 1089 1568 Silesius,

78 1577 127 1636 oui
150 1574 271 1635 reddam
294 1592 353 1635 nna
373 1592 440 1634 eum
460 1572 598 1633 schedula
617 1571 676 1654 illa,
700 1591 774 1652 quae
793 1576 896 1634 nescio
917 1577 991 1654 quid
1011 1595 1088 1656 repe

77 1664 158 1725 tehat
176 1683 192 1724 a
211 1665 368 1743 magnifico
387 1669 498 1723 nostro.
531 1662 658 1723 Carmen
672 1661 790 1741 aliquod
805 1654 987 1726 in'feudales
1001 1665 1088 1727 Parti-

79 1747 223 1813 tiones³4⁶
246 1772 314 1814 cum
337 1753 452 1813 differri
470 1753 574 1833 possit,
596 1751 663 1812 faxo
681 1750 791 1812 habeas
810 1754 882 1812 satis
901 1760 1021 1816 mature
1038 1755 1086 1815 deo

77 1843 201 1902 favente.
247 1841 329 1922 Vale,
356 1844 403 1901 vir
430 1842 699 1921 praestantissime,
726 1859 834 1920 meque
856 1844 902 1902 tui
926 1845 1085 1905 amantissi-

77 1948 158 1990 mum
187 1947 285 1989 amare
313 1948 419 2008 pergas
447 1947 547 1990 amore
575 1928 625 1989 illo
649 1936 700 1990 tuo
724 1947 839 2009 magno.
886 1930 1021 1994 Salutem
1043 1931 1085 1992 ad-

79 2017 176 2078 scribo
200 2015 253 2077 Dn.
278 2016 397 2099 Gentili,
419 2018 472 2078 lln.
492 2018 635 2099 Piccarto,
658 2036 737 2079 nunc
761 2021 850 2080 etiam
873 2018 928 2082 Dn.
947 2021 1083 2083 Taurello.

77 2106 188 2178 Quidni
211 2109 433 2168 enim-unicum
453 2106 631 2185 colloquium
651 2108 821 2168 diuturnam
840 2113 1004 2172 constituat
1022 2111 1083 2171 ami·

79 2198 193 2278 citiam,
222 2215 290 2257 cum
317 2199 405 2257 etiam
428 2203 531 2257 mutuo
555 2204 667 2277 ament,
695 2199 746 2275 qui
770 2216 802 2258 se
825 2216 980 2278 nunquam
1003 2202 1082 2260 inter-

77 2286 223 2347 viderunt.

123 2392 370 2474 Francosnrti,
394 2392 441 2452 die
466 2388 517 2453 20.
542 2391 621 2471 Sept.
647 2389 741 2454 1601.

460 2498 542 2559 Tuus
567 2501 647 2558 omni
671 2499 728 2560 side
753 2498 773 2560 Ι.
798 2500 838 2560 de
863 2499 1047 2582 Gruytere.

189 2757 239 2828 hd.
272 2760 372 2827 lanus
396 2759 556 2827 Gruterus
580 2760 730 2829 cunrado
753 2761 990 2849 Rittershnsio,

127 2866 280 2936 llichaeli
302 2866 486 2954 Virdungo‚
510 2866 663 2935 Michaeli
687 2869 848 2954 Piccarto‚
873 2870 1050 2939 amicorum

419 2972 532 3058 trigae
557 2973 696 3042 eximiac
720 2974 751 3041 S.

79 3060 344 3130 Heidelbergae.
864 3068 906 3116 13.
925 3063 1000 3120 Nor.
1020 3067 1084 3118 1601.

149 3172 258 3242 Quidni
280 3193 339 3235 una
363 3174 461 3235 fidelia
486 3173 619 3235 dealhem
638 3181 700 3235 tres
718 3178 847 3255 parietes
866 3179 958 3238 unius
977 3177 1088 3258 ingenii,

81 3259 172 3318 unius
200 3259 301 3339 genii?
337 3262 375 3323 Et
403 3263 518 3325 duohus
547 3264 668 3343 quidem
695 3258 872 3325 vestrum³⁴⁷
900 3264 939 3325 oh
966 3267 1088 3347 Elegiam

142 3361 327 3428 arammaque
346 3353 378 3411 in
394 3351 607 3432 Inscriptiones
626 3361 743 3414 nostras
763 3356 975 3416 amicissimam
996 3364 1089 3417 rotun·

158 3466 294 3479 ——-—......

150 3533 255 3604 Mod.
277 3550 520 3616 comparentque.
