2370 3840
114 180 157 246 60
545 182 567 235 1.
587 180 700 236 Gruteri

116 330 216 391 Saluto
244 330 291 390 his
323 330 510 410 perofficiose
537 329 591 390 Dn.
620 329 781 412 Gentilem,
811 330 866 392 Dn.
895 331 1050 415 Colerum,
1065 324 1135 396 lin.

114 413 352 498 Virdungum²⁹¹.
389 419 474 490 Quod
498 421 525 479 si
548 422 665 480 occasio
689 419 785 482 simile
810 421 882 500 quid
905 423 1082 501 perferendi
1100 424 1134 485 ad

113 508 362 590 Wesembecium,
385 509 436 568 fiet
460 527 530 568 sane
553 526 601 568 me
625 507 746 570 libente.

160 615 437 696 Heidelbergac,
466 615 514 675 die
538 611 590 676 23.
609 614 680 676 Nor.
702 611 796 679 1598.

316 823 373 891 47.
395 822 431 911 ffl.
456 824 615 892 Gruterus
639 824 670 890 G.
693 790 927 893 Ritterslrusio.

116 947 401 1018 (Heidelbergae).
905 954 947 1005 16.
967 949 1037 1004 Dec.
1058 955 1134 1004 1599.

183 1044 211 1104 S.
230 1044 261 1104 P.
297 1043 359 1104 lam
382 1043 468 1104 binas
490 1050 557 1104 tuas
580 1045 704 1104 memini
731 1046 866 1123 recipere
889 1043 1016 1126 litteras,
1042 1048 1135 1106 amice

116 1151 244 1214 summe,
275 1133 383 1211 quibus
406 1130 481 1193 nihil
504 1132 574 1193 dum
604 1132 759 1214 respondi,
791 1133 899 1193 fiducia
926 1133 1048 1195 scilicet
1079 1134 1136 1216 illa,

115 1240 204 1300 quam
232 1224 294 1281 scio
322 1221 378 1281 tibi
405 1239 471 1282 esse
499 1221 535 1282 de
564 1221 671 1282 affectu
698 1240 779 1303 meo,
811 1225 860 1282 cui
888 1224 979 1283 etiam
1010 1224 1134 1304 accedit,

115 1310 194 1388 quod
217 1310 291 1369 mihi
313 1312 411 1370 rarior
434 1329 466 1370 se
490 1312 593 1371 ollerat
615 1309 800 1393 tabellariuS,
832 1313 884 1390 qui
908 1311 944 1371 ad
968 1331 1031 1394 vos,
1055 1313 1133 1373 relu-

115 1401 251 1478 giamque
272 1397 382 1477 alioqui
400 1399 467 1459 ideo
487 1402 590 1459 amicis
610 1398 750 1460 exhibere
769 1400 944 1461 molestiam.
976 1400 1015 1462 Ut
1034 1409 1132 1462 tamen

114 1488 202 1549 modo
232 1506 298 1548 sum
326 1507 394 1548 cum
421 1488 474 1548 Du.
497 1483 681 1549 Praeside892
714 1489 791 1568 apud
817 1488 850 1550 D.
878 1489 1133 1568 Lingelshemium

115 1585 145 1639 et
164 1581 190 1638 is
208 1577 283 1637 mihi
301 1577 351 1638 dat
369 1577 509 1657 legendas
527 1596 602 1638 unas
621 1576 737 1638 litteras
759 1576 791 1638 D.
812 1577 946 1660 Gentilis,
971 1581 1003 1639 in
1023 1580 1133 1659 quibus

115 1667 269 1748 salutabat,
293 1667 462 1748 alteraeque
486 1669 550 1727 eius
573 1669 694 1727 interim
717 1667 885 1749 adveniunt,
909 1686 985 1747 quae
1009 1687 1134 1748 respon-

115 1756 225 1817 debant
243 1755 456 1835 Lingelshemii
474 1755 533 1817 illis
550 1755 701 1837 laureatis,
725 1755 890 1817 arbitrabar
908 1775 958 1817 me
978 1759 1133 1818 commode

114 1864 203 1924 posse
231 1863 312 1905 meas
341 1846 501 1924 adiungere
524 1845 800 1924 Lingelshemianis.
847 1845 944 1917 Quare
973 1848 1052 1907 scito
1076 1846 1133 1908 lac·

113 1936 172 1993 tari
203 1953 251 1993 me
278 1934 470 1994 vehementer
502 1934 539 1994 ob
566 1933 765 1995 valetudinem
793 1941 874 1995 tuam
902 1941 992 2014 atque
1021 1943 1136 2017 optare,

115 2024 160 2082 uti
184 2024 223 2081 sit
246 2023 330 2082 tirma
348 2022 477 2101 longum.
510 2023 572 2102 Ego
592 2024 713 2102 quidem
731 2023 823 2106 valeo,
846 2024 898 2085 sed
917 2023 994 2084 duos
1012 2042 1134 2086 menses

115 2113 231 2189 integre
254 2111 330 2170 male
353 2111 444 2172 habui
467 2131 482 2172 a
506 2113 608 2172 dolore
632 2113 785 2173 stomachi.
821 2112 882 2173 lam
906 2131 973 2173 sum
996 2115 1030 2174 in
1055 2117 1135 2174 notis

115 2199 293 2280 quibusdam
322 2201 535 2261 concinnandis
563 2204 648 2280 quasi
670 2201 801 2281 politicis
824 2203 860 2263 ad
884 2200 1056 2263 Onosandri
1078 2203 1133 2264 lm·

114 2283 337 2370 peratorem²⁹³.
370 2290 440 2351 Post
458 2308 592 2350 mensem
611 2291 819 2369 aggrediemur
841 2308 981 2369 magnum
1004 2291 1082 2353 illud
1105 2299 1134 2352 et

114 2386 231 2440 vastum
254 2398 329 2459 opus
347 2380 587 2459 Inscriptionum,
610 2387 644 2440 ut
663 2381 706 2439 sic
725 2397 876 2459 nunquam
894 2382 1025 2441 otiemur
1044 2389 1134 2461 atque

115 2469 267 2528 viduitatis
290 2464 411 2529 mala²94
434 2469 500 2528 aliis
522 2468 609 2528 malis
632 2468 834 2529 retundamus.
875 2467 1000 2529 Interim
1023 2469 1134 2531 haereo

116 2555 283 2636 admodum,
307 2557 378 2634 quid
402 2557 498 2617 lacere
523 2557 655 2638 debeam,
678 2576 715 2617 an
739 2557 830 2618 aliurn
853 2556 924 2618 alibi
946 2556 1042 2618 larem
1066 2577 1134 2639 per·

116 2647 201 2724 sequi
229 2664 266 2704 an
293 2645 342 2705 hic
368 2664 458 2724 porro
488 2645 659 2707 subsistere.
706 2645 738 2706 Si
766 2665 834 2726 spes
862 2653 942 2706 esset
971 2649 1004 2707 in
1032 2646 1135 2727 Belgio

113 2737 195 2814 pacis
225 2733 353 2815 stabilis,
379 2734 427 2795 his
454 2734 528 2795 locis
559 2737 642 2795 ocius
669 2734 879 2817 valedicerem,
906 2754 967 2796 non
995 2739 1068 2816 quia
1091 2738 1135 2797 eis

114 2827 258 2903 imputem
282 2826 422 2884 iteratum
445 2824 524 2884 istud
548 2842 648 2885 meum
670 2824 875 2905 infortunium,
898 2824 951 2885 sed
971 2828 1044 2904 quia
1068 2845 1134 2887 sua·

114 2915 179 2973 vius
203 2914 320 2973 videtur
343 2919 462 2991 aegroto
487 2929 605 2991 semper
632 2915 663 2972 irr
687 2915 782 2991 patria
805 2916 889 2974 mori.
934 2912 1030 2993 quue
1055 2933 1134 2977 nunc

115 3002 219 3062 faciam
251 3021 321 3062 sane
349 3001 524 3081 procliviuS,
557 3001 636 3080 quod
664 3000 863 3063 Gotholredus
885 2996 983 3063 ille²⁹⁶
1009 3003 1062 3066 bic
1085 3024 1133 3066 ex·

115 3097 250 3169 pectatur
281 3098 402 3152 vocatus
431 3089 579 3168 stipendio
612 3089 698 3169 plane
730 3089 891 3151 luculento.
936 3091 1035 3162 Quem
1065 3093 1134 3154 licet

115 3196 175 3237 non
197 3187 327 3240 metuam
354 3179 414 3240 ulla
442 3181 473 3239 in
501 3197 534 3238 re
562 3197 617 3239 nec
645 3180 734 3239 etiam
757 3179 888 3240 diffidam
916 3179 954 3240 de
983 3183 1134 3244 amicitiae

116 3269 281 3326 constantia
298 3287 442 3348 meorum,
462 3270 563 3347 quiin
583 3267 648 3327 aula
667 3275 696 3328 et
715 3270 794 3329 circa
813 3287 887 3350 eam,
905 3276 1008 3331 tamen
1020 3273 1134 3352 nescio,

116 3353 263 3432 quomodo
290 3359 388 3416 vereri
415 3356 488 3417 libet
514 3359 678 3436 parituram
708 3359 773 3418 eius
799 3361 1000 3437 praesentiam
1030 3362 1132 3422 nescio

112 3441 186 3521 quid
208 3441 375 3525 frigusculi,
406 3463 475 3505 cum
497 3445 579 3506 idem
601 3444 676 3505 uelle
697 3445 779 3506 idem
800 3446 878 3506 nolle
903 3447 1025 3510 demum
1048 3450 1133 3510 firma

91 3533 137 3590 sr't
167 3533 306 3594 amicitia
341 3533 463 3616 bocque
500 3537 560 3598 isto
597 3553 672 3597 casu
701 3536 756 3594 uis
783 3535 856 3594 iteri
884 3541 983 3609 uuest„
1024 3537 1139 3596 ussum
