2370 3840
442 183 478 238 ad
497 183 542 240 W,
562 176 720 240 Maurorum
1064 185 1084 250 9

70 336 260 415 scripseram,
284 353 356 415 quas
380 353 417 395 ne
442 332 551 396 frustra
575 337 732 416 exararim,
755 342 786 396 11
807 336 856 397 hic
879 336 998 397 brevior
1022 355 1087 398 esse

69 427 197 507 possim,
226 442 293 484 cum
321 424 368 484 his
396 426 471 504 ipsis
499 425 535 485 ad
563 432 593 485 te
616 427 711 486 mitto.
757 425 829 486 'luis
853 432 964 508 autem,
988 428 1086 488 Vuoll-

69 532 178 596 gange,
207 507 383 593 εὐαγγέλια
411 513 515 574 deberi
542 514 650 596 fateor,
679 515 757 595 quod
786 533 837 575 eae
866 517 926 575 sint
954 520 1087 578 omnium

69 607 199 684 primae,
222 621 296 682 quas
320 621 357 663 ex
381 603 551 684 Germania,
575 621 663 682 quam
688 604 739 664 diu
762 597 843 664 hic⁴²
866 623 941 686 sum,
965 609 1086 685 accipio.

70 692 135 764 Qua
163 695 226 772 ipsa
255 711 291 752 ex
319 711 353 753 re
377 710 465 772 quam
488 692 695 754 incredibilem
717 693 861 753 laetitiam
885 713 921 754 ex
945 694 1086 756 diuturno

70 782 220 842 desiderio
244 783 389 863 ceperim,
417 781 584 861 intelligere
608 782 746 843 facillime
769 791 863 862 potes
906 783 990 854 Quod
1015 803 1085 844 sane

70 885 159 932 omen
183 879 301 932 sanctae
325 871 479 932 cuiusdam
503 873 721 933 coniunctionis
745 873 819 933 mihi
841 871 978 952 praebuit
996 873 1085 952 idque

69 967 111 1025 ita
129 962 226 1024 libens
246 965 370 1043 accipio,
391 968 426 1023 ut
443 968 472 1022 te
492 963 574 1022 omni
592 964 708 1023 ratione
726 980 786 1022 non
806 961 901 1022 solum
921 962 1087 1043 amandum,

70 1052 124 1114 sed
153 1052 310 1114 colendum
338 1058 368 1112 et
394 1054 427 1112 in
455 1050 549 1112 oculis
578 1053 735 1130 animoque
763 1060 907 1131 perpetuo
931 1051 1086 1112 terendum

69 1149 181 1222 putem.
227 1140 386 1202 Excusatio
418 1148 469 1201 tua
501 1140 538 1200 de
571 1138 726 1203 literarum
754 1143 976 1202 intermissione
1004 1148 1086 1219 grata

71 1231 192 1310 quidem
216 1231 281 1312 fuit,
305 1230 358 1292 sed
381 1238 442 1293 tam
465 1229 517 1290 diu
539 1248 587 1291 me
612 1231 787 1291 suavissimo
811 1230 919 1311 fructu,
943 1248 1032 1310 quem
1050 1249 1087 1290 ex

69 1330 123 1382 tuo
147 1320 294 1400 colloquio
318 1322 412 1402 capio,
436 1320 568 1379 caruisse
591 1319 804 1398 permolestum
828 1319 944 1381 accidit.
986 1319 1096 1381 Status>

71 1409 247 1471 Germaniae
279 1408 469 1471 turbulentus
501 1426 550 1468 me
582 1427 642 1469 non
674 1407 801 1471 delectat
833 1415 863 1470 et
896 1409 980 1470 doleo
1002 1400 1084 1471 'sane

69 1499 228 1560 florentem
260 1500 386 1578 patriam
417 1504 551 1559 nostram
582 1497 736 1560 hominum
763 1499 970 1559 audacissimis
998 1498 1086 1559 furiis

69 1588 234 1649 vexandam
266 1607 300 1649 ac
332 1586 550 1650 dilacerandam
578 1586 716 1666 relinqui.
763 1587 844 1658 Quos
872 1606 940 1647 cum
968 1590 1086 1648 inscitia

71 1677 108 1738 ad
132 1695 181 1738 res
204 1695 326 1756 magnas
348 1676 517 1738 tractandas
536 1675 657 1736 inutiles
676 1677 772 1756 faciat,
795 1684 860 1736 tum
878 1679 1031 1736 temeritas
1050 1695 1086 1736 eo

70 1785 167 1846 usque
190 1766 339 1847 perducit,
366 1773 401 1827 ut
428 1765 487 1826 sihi
509 1783 634 1826 munera
657 1764 752 1834 aliena
775 1783 894 1826 sumere
917 1783 977 1826 non
1001 1765 1086 1826 dubi·

68 1863 142 1917 tent.
189 1855 260 1916 Dico
294 1862 392 1917 autem
426 1854 609 1918 sacrificulos
637 1855 794 1936 quosdam,
826 1854 905 1934 quod
933 1855 1086 1916 hominum

70 1962 165 2025 genus
194 1945 256 2005 lere
285 1963 404 2023 semper
431 1946 633 2024 perniciosum
660 1943 751 2005 rebus
778 1945 916 2005 humanis
940 1944 1087 2020 fuisseet

69 2035 214 2096 historiae
241 2040 376 2094 veterum
403 2040 552 2097 testantur
580 2040 610 2094 et
637 2041 717 2094 aetas
745 2041 847 2094 nostra
875 2052 930 2094 nos
954 2036 1086 2113 experiri

70 2126 159 2204 cogit,
182 2130 216 2184 ut
238 2129 319 2183 recto
344 2123 464 2202 quidem
482 2122 610 2183 Lazarus
629 2116 838 2183 Bonamicus⁴³
857 2141 960 2183 omnes
980 2140 1031 2182 eos
1050 2122 1086 2183 ad

69 2230 171 2274 remos
199 2211 382 2272 damnandos
409 2218 440 2273 et
467 2230 542 2291 pane
570 2211 621 2272 illo
649 2211 697 2273 bis
726 2219 823 2292 cocto,
854 2229 943 2291 quem
972 2219 1087 2291 vocant,

70 2302 193 2363 alendos
221 2319 287 2362 esse
316 2301 416 2362 dicere
444 2301 592 2382 videatur;
619 2303 660 2361 ita
688 2303 768 2362 enim
795 2301 942 2380 futurum,
970 2306 1003 2359 ut
1027 2302 1087 2360 sint

71 2393 190 2452 evasuri
211 2389 296 2471 tales,
320 2390 421 2469 quales
445 2408 511 2450 esse
534 2391 642 2450 merito
666 2389 822 2469 dehebant,
845 2390 901 2448 hoc
921 2396 975 2469 est,
998 2391 1086 2448 casti-

70 2482 132 2559 gati
164 2487 195 2540 et
226 2496 347 2541 suarum
376 2485 491 2540 tantum
523 2497 625 2539 rerum
655 2481 774 2540 curiosi.
820 2477 867 2539 Me
895 2479 1086 2539 vehementer

70 2568 193 2648 quidem
211 2575 339 2649 movent,
358 2567 440 2629 illinc
457 2570 547 2629 tacita
565 2567 712 2628 honorum
731 2576 761 2630 et
779 2567 935 2629 doctorum
953 2570 1086 2629 virorum

70 2657 195 2739 iudicia,
226 2657 296 2718 hinc
327 2676 431 2718 earum
459 2659 626 2738 nationum,
658 2677 733 2737 quac
761 2657 902 2739 capitales
929 2657 1086 2719 nobiscum

71 2754 213 2808 exercent
235 2748 417 2827 inimicitias,
440 2745 533 2806 laetae
557 2754 645 2827 atque
669 2747 835 2808 exultantes
858 2766 954 2808 voces.
997 2745 1085 2806 Prae-

70 2837 159 2915 cipue
182 2843 282 2903 autem
305 2854 390 2896 sacro
413 2835 467 2896 Dei
489 2835 580 2896 verbo
603 2839 777 2917 nominique
801 2836 983 2916 Christiano,
1007 2835 1085 2913 quod

69 2924 159 3004 pleno
183 2943 235 2986 111
258 2926 398 3006 11111111,
420 2931 532 2985 tantam
555 2924 653 2986 lahem
677 2934 764 3006 atque
788 2927 980 3004 ignominiam
1004 2926 1084 2984 inuri

70 3016 139 3093 quis
167 3032 278 3094 quaeso
306 3032 400 3093 aeque
427 3015 633 3095 patienterque
659 3012 756 3076 ferat?
793 3014 868 3093 Spes
891 3016 973 3092 pacis
997 3020 1084 3092 atque

70 3105 296 3182 compositionis
324 3105 355 3164 iu
382 3105 572 3183 paucissimis
601 3107 657 3165 sita
685 3111 743 3186 est,
776 3120 904 3184 quorum
932 3104 958 3162 si
986 3101 1085 3163 exclu-

70 3191 183 3253 duntur
206 3191 339 3273 consilia,
363 3192 434 3272 quid
457 3192 576 3253 tandem
599 3193 732 3254 futurum
755 3187 957 3271 auguramur?
1000 3192 1084 3264 Quod

70 3283 97 3341 si
130 3280 166 3341 ad
199 3299 280 3341 arma
312 3283 462 3362 veniatur,
493 3283 620 3342 maxima
651 3281 749 3342 clades
776 3280 864 3342 bonis
892 3281 999 3342 studiis
1026 3284 1085 3342 iam

70 3368 208 3431 nonnihil
231 3372 377 3452 1111111111,
400 3379 480 3432 11111
503 3373 653 3450 pernicies
676 3369 814 3450 religioni
837 3373 868 3431 in
886 3370 983 3432 lucem
1002 3388 1086 3430 revo-

73 3461 136 3520 cari
168 3466 289 3539 coeptae
322 3459 514 3540 impendebit.
560 3458 681 3535 Quibus
712 3457 1120 3524 1111111111111111111δῖ1

69 3549 187 3624 quidem
213 3551 291 3609 tueri
313 3551 345 3610 in
372 3557 456 3615 tanta
480 3553 673 3619 contusione
694 3558 862 3638 poterunt.
897 3540 998 3614 Μ
1012 3530 1154 3591 mm*
