2370 3840
432 177 470 231 ad
487 176 533 234 W.
552 177 711 233 Meurerum
1038 179 1080 244 13

60 328 175 408 legere,
203 345 279 406 quos
307 326 395 387 audio
424 328 514 386 etiam
541 329 572 386 in
599 327 733 406 periculo
761 335 901 390 versatos.
948 329 980 389 Si
1009 329 1080 408 quid

60 416 216 477 literarum
236 415 366 497 allatum,
385 433 456 476 cura
469 414 614 476 Misenam
632 417 834 498 perferendas,
852 420 991 497 inprimis
1010 436 1080 479 vero

62 506 207 586 significa,
230 523 303 566 num
326 504 459 565 redditae
482 523 567 565 meae
586 504 643 566 tihi
666 508 734 587 sint,
758 506 867 586 quihus
887 509 969 567 oravi
987 513 1026 587 te,
1049 514 1082 567 ut

61 595 218 657 adiunctas
245 593 489 655 Francolurdiam
517 588 692 656 mitteres⁶4.
739 595 770 656 D.
794 595 931 674 Agricola
960 601 1080 656 strenue

62 687 162 763 pergit
184 686 216 744 in
239 682 315 743 libro
339 683 376 743 de
398 675 527 765 peste⁶53
555 701 624 744 eum
646 683 800 767 probahis,
828 691 862 745 ut
884 684 963 745 soles
992 684 1081 765 illius,

63 792 133 834 cum
168 779 291 852 propter
325 771 511 852 methodum,
552 779 616 833 tum
651 775 741 834 ctiam
777 785 901 853 propter
940 772 1083 853 exempla,

63 861 176 941 quihus
198 861 274 922 solet
296 879 382 923 suam
404 860 554 921 illustrare
579 861 752 923 doctrinam.
798 862 967 942 Hospitium
990 863 1083 923 Vuer-

64 953 125 1012 teri
139 949 249 1011 Sidelio
268 949 424 1030 indicabis,
443 968 531 1028 quem
550 952 626 1011 iussi
639 969 721 1012 meas
735 954 887 1031 praesenti
901 952 971 1012 darc
986 959 1083 1012 certas

66 1039 104 1099 ob
129 1057 241 1100 causas.
278 1040 395 1100 Marcus
418 1033 680 1101 Bretschneider⁶⁰
703 1043 735 1100 in
757 1040 894 1102 Portensi
917 1040 987 1101 ludo
1012 1040 1083 1100 edu-

65 1135 151 1189 catus
173 1146 255 1189 nunc
281 1129 427 1208 principis
459 1129 608 1208 stipendio
636 1131 794 1190 investra
819 1129 969 1191 academia
992 1132 1083 1211 vivet3

66 1220 132 1278 eius
155 1236 265 1278 nomen
287 1217 344 1278 tihi
362 1223 464 1278 notum
489 1235 554 1279 esse
575 1220 671 1300 cupio
695 1221 769 1280 civis
787 1221 848 1280 mei
866 1225 896 1280 et
914 1218 1084 1280 adolescen-

66 1309 106 1367 tis
130 1309 262 1367 omnium
285 1313 512 1386 praeceptorum
537 1307 823 1369 commendationem
850 1311 964 1388 meriti,
992 1308 1085 1369 futuri

65 1398 157 1456 etiam
180 1395 324 1456 auditoris
347 1397 400 1456 tui.
428 1395 526 1475 Plura,
550 1415 618 1457 cum
640 1399 672 1457 in
695 1399 878 1476 provinciam
896 1416 993 1458 meam
1006 1397 1084 1467 red·

67 1487 140 1545 iero.
186 1482 254 1545 Vale
278 1483 406 1545 feliciter
429 1503 497 1546 cum
519 1487 580 1545 tuis
603 1486 749 1548 omnibus.

112 1590 329 1673 Chemnicii,
352 1589 440 1651 Xllll.
460 1590 519 1652 Cal.
542 1591 612 1652 Maii
634 1592 761 1652 MDLlll.

644 1698 825 1789 Georgius
843 1697 1040 1759 Fabricius.

296 1957 342 2030 12.
380 1959 415 2028 G.
439 1958 611 2029 Fabricius
630 1960 675 2028 W.
699 1961 858 2030 llenrero.

68 2081 320 2154 (Calcareuthi)
338 2082 397 2137 ruri
415 2082 453 2137 ad
470 2083 619 2142 Rederam.
859 2091 902 2140 30.
921 2084 988 2154 Apr.
1010 2088 1087 2139 1553.

138 2245 144 2258 .
160 2245 167 2258 .
182 2197 341 2277 Vollgango
354 2196 491 2258 Meurero
506 2197 644 2258 medicin.
664 2197 780 2258 doctori
794 2204 824 2258 et
837 2197 1041 2277 philosophiae
1056 2199 1088 2257 in

71 2287 222 2348 academia
236 2286 385 2365 Lipsiensi
398 2285 562 2365 professori
578 2288 672 2346 amico
689 2299 787 2346 suo..
807 2288 886 2346 IIII.
902 2285 1087 2346 Mott1553.

140 2375 169 2436 S.
184 2375 216 2435 D.
240 2374 330 2435 Binas
349 2381 415 2435 tuas
434 2377 544 2454 accepi,
568 2377 684 2454 priores
704 2377 830 2454 scriptas
848 2375 907 2435 Vll.
922 2374 992 2435 ldus
1010 2374 1088 2455 dpr„

71 2465 181 2526 alteras
210 2463 270 2525 llll.
295 2463 354 2525 Cal.
376 2464 459 2545 Maii;
492 2482 544 2525 cae
571 2465 646 2525 mihi
673 2463 806 2524 redditae
835 2462 924 2525 simul
952 2470 1022 2525 sunt
1044 2482 1089 2544 pr.

71 2552 132 2614 Cal.
169 2552 324 2614 Declarant
347 2560 446 2614 autem
469 2553 600 2614 studium
624 2560 708 2615 tuum
732 2572 801 2633 erga
829 2573 877 2614 me
906 2561 936 2615 et
962 2553 1089 2615 benevo-

71 2642 195 2703 lentiam
218 2649 357 2703 veterem.
403 2641 535 2724 Literas,
564 2661 638 2723 quac
661 2643 904 2705 Francolurdiam
928 2645 1007 2704 mitti
1030 2661 1090 2703 non

72 2738 251 2813 potuerunt,
278 2731 423 2793 Misenam
450 2750 553 2793 omnes
582 2735 717 2793 remittas
745 2751 811 2814 oro,
839 2735 911 2795 item
933 2731 1091 2811 libellulos‚

74 2838 150 2900 quos
173 2839 190 2880 a
212 2820 350 2881 Vuerteri
373 2840 552 2882 amanuense
575 2823 725 2899 accepisti.
759 2821 791 2881 st
809 2821 852 2882 ihi
870 2839 1012 2900 praesens
1031 2839 1091 2881 non

74 2927 143 2990 ero,
173 2910 252 2988 quod
282 2902 382 2971 tamen
412 2929 514 2992 spero,
544 2909 675 2970 inscribe
706 2910 826 2991 iisdem,
849 2917 882 2970 ut
911 2909 944 2970 D.
967 2909 1091 2970 lohanni

74 2992 299 3060 Tetelhachio⁶⁷
321 3002 434 3078 pastori
456 3006 559 3059 nostro
587 2999 623 3060 ad
647 2998 679 3059 D.
703 2999 802 3059 hlram
830 2998 1000 3058 reddantur.
1042 2997 1091 3058 Lt‘

74 3086 182 3148 henter
204 3095 234 3149 te
258 3087 348 3149 isthic
366 3088 515 3168 vidissem,
534 3088 587 3148 sed
606 3088 740 3167 prolecto
759 3087 833 3147 mihi
852 3087 968 3147 obstitit
985 3093 1092 3167 metus⁷

75 3179 128 3255 qui
150 3177 225 3237 mihi
247 3195 342 3256 paene
366 3195 434 3238 cum
457 3177 590 3256 periculo
609 3177 680 3239 Citii
698 3178 825 3237 iniectus
849 3183 902 3237 est.
936 3175 995 3237 Gal.
1015 3175 1092 3256 Maii,

75 3272 109 3327 ut
133 3268 206 3346 scis,
236 3266 311 3326 mihi
333 3266 369 3326 ad
393 3266 522 3326 reditum
545 3269 723 3328 constitutae
742 3272 840 3347 erant,
868 3265 921 3327 sed
940 3284 1019 3326 nnnc
1039 3267 1093 3325 im-

75 3354 202 3435 pediunt
231 3354 322 3436 labri,
350 3357 402 3435 qui
428 3354 570 3434 ampliant
598 3354 660 3416 ludi
687 3348 879 3434 pomoeria⁶⁸.
925 3347 1094 3416 Matthias⁶⁹

77 3443 191 3524 collega
212 3463 298 3506 meus
321 3446 381 3505 iam
404 3450 504 3507 certus
529 3451 575 3506 est
597 3443 635 3506 de
659 3443 851 3527 conditione,
867 3450 910 3505 ut
926 3442 1015 3502 niin‘x
1030 3437 1122 3492 *tme-

75 3540 134 3612 tarr„
155 3532 408 3618 splendidissima3
434 3539 576 3602 muneris
605 3535 677 3602 loco
708 3543 844 3602 centum
867 3529 1018 3594 mauros
1044 3538 1071 3576 a
1088 3525 1154 3568 ‘effi
