2370 3840
513 182 651 254 epistolae
1046 183 1087 249 73

68 337 289 413 dissimumque
317 333 419 413 plures
448 351 501 412 ago
529 333 683 413 habeoque
708 336 831 414 gratias,
854 333 933 394 idem
956 336 1089 397 facturus

66 427 176 505 tertio,
209 425 235 483 si
262 423 379 502 quando
407 441 423 483 a
450 421 576 483 barbara
598 417 883 503 peregrinatione348
907 426 1088 503 acquieverit

68 513 195 596 paulum
222 514 320 573 animo
349 514 434 590 quasi
461 530 495 573 ae
519 530 643 591 corpore
668 515 873 593 compositior,
896 512 992 574 simile
1017 515 1087 593 quid

69 604 152 666 ultro
176 602 251 662 mihi
272 603 470 681 imputaverit.
515 600 663 680 Epistolae
687 610 769 683 tuae,
798 603 840 661 mi
863 601 1026 682 Virdunge,
1055 611 1087 664 ut

71 695 164 755 etiarn
178 698 255 773 tuae,
273 690 463 772 Rittersbusi,
482 692 582 750 statim
596 691 738 772 respondi
752 691 921 770 tradidique
936 693 968 751 in
982 710 1088 752 manus

71 784 162 844 uxori
183 781 289 841 Levini
311 773 461 861 Hulsii⁸⁴⁹,
485 798 560 859 quae
584 798 616 839 se
640 774 847 864 curaturam*)
871 799 926 859 per
948 783 1087 841 maritum

72 873 154 933 serio
177 875 340 949 receperat.
385 867 447 930 Hoc
471 869 547 950 dieo,
570 875 604 929 ut
625 872 706 930 norit
725 869 894 949 Virdungns
918 887 965 930 me
989 872 1088 949 magni

72 962 196 1041 iecisse,
220 958 298 1039 quod
322 957 400 1018 ultro
423 957 520 1019 literis
542 965 603 1018 tam
625 958 746 1041 lepidis,
773 966 834 1020 tam
858 961 937 1019 sanis
960 960 1089 1039 compel-

72 1051 144 1112 larit
174 1066 308 1128 quaeque
336 1054 479 1126 negarent
506 1050 604 1108 animo
632 1056 683 1109 aut
710 1067 834 1128 corpore
863 1066 997 1130 aegrum,
1029 1052 1089 1110 nisi

72 1141 267 1220 periniquum
289 1137 441 1198 videretur
463 1140 668 1198 testimonium
689 1157 705 1198 a
724 1138 819 1198 domo.
857 1138 929 1198 Eius
946 1136 1088 1200 luvenilia

73 1231 194 1308 cupiam
222 1244 292 1287 sane
319 1225 420 1287 videre
448 1227 608 1287 reformata
635 1229 667 1287 in
693 1220 853 1307 melius³⁵⁰,
880 1227 1024 1288 haetenus
1051 1247 1089 1288 ne

73 1318 146 1379 lima
174 1322 279 1376 atterat
305 1317 400 1394 magis
429 1333 517 1395 quam
544 1315 643 1394 poliat.
689 1316 810 1377 Adiecto
834 1317 965 1377 Thrasea
991 1320 1090 1378 veniet

74 1410 107 1468 in
131 1406 239 1467 lamam
257 1405 351 1483 Lipsii
371 1411 400 1464 et
418 1422 479 1464 non
497 1406 597 1485 inepte
616 1405 785 1488 sustinebit,
807 1408 866 1466 iam
886 1406 957 1466 olim
976 1407 1091 1467 scilicet

73 1502 163 1577 poeta
194 1512 255 1554 non
286 1512 302 1553 e
334 1492 445 1555 multis.
495 1494 578 1565 Quae
609 1495 641 1555 D.
674 1495 891 1556 llittershusius
924 1514 940 1554 a
972 1503 1089 1556 rectore

74 1591 179 1646 nostro
194 1584 320 1662 repetita
334 1582 480 1665 cupiebat,
495 1601 529 1644 ea
543 1586 669 1663 recipiet
682 1602 737 1663 per
746 1584 898 1644 Melissum
909 1578 1090 1643 nostrum³⁵¹

75 1681 126 1736 aut
150 1679 232 1733 certe
255 1674 365 1732 certior
388 1672 439 1732 liet
461 1672 589 1733 illorum.
635 1672 785 1752 Virdungo
809 1675 867 1732 iam
891 1690 970 1732 nune
996 1672 1089 1732 debeo

74 1764 279 1843 Epigramma,
305 1760 384 1841 quod
407 1763 550 1841 praefigat
572 1761 762 1823 Iuvenilibus.
808 1760 897 1821 Vobis
921 1760 999 1839 quod
1022 1779 1089 1839 pro-

74 1854 159 1932 misi,
187 1850 293 1930 reddo,
321 1849 373 1910 sed
401 1868 542 1912 mensura
569 1870 629 1911 non
655 1851 746 1932 bona,
774 1853 833 1912 nisi
861 1851 983 1911 allectus
1006 1869 1092 1910 meus

74 1960 130 2022 pro
155 1941 263 2000 ellectu
286 1939 389 2020 luerit,
417 1940 496 2019 quod
520 1947 620 2001 atam
644 1941 778 2002 comibus
801 1960 835 2003 ac
857 1940 1001 2001 modestis
1025 1959 1091 2019 spe-

75 2049 143 2091 rare
168 2022 308 2112 libet.**)
354 2028 482 2110 Videtis,
509 2030 656 2109 quomodo
680 2050 727 2091 me
751 2031 914 2110 expediam.
962 2029 1019 2090 Sed
1043 2049 1091 2090 ve·

75 2123 158 2181 niam
194 2117 303 2178 dabitis
339 2118 454 2178 bomini
490 2121 719 2199 occrrpatissimo
756 2123 787 2181 in
824 2120 890 2180 aliis
923 2120 1029 2180 studiis
1062 2125 1093 2178 et

75 2210 186 2269 mentis
219 2225 371 2287 nunquam
403 2208 530 2268 sedatae.
575 2208 633 2268 Vos
665 2212 753 2288 nugis
781 2212 847 2269 istis
874 2210 950 2269 meis
977 2207 1093 2266 addetis

74 2296 212 2359 ultimam
235 2314 356 2357 manum
379 2296 637 2377 impetrabitisque
660 2301 732 2358 item
754 2297 942 2376 Epigramma
965 2299 997 2354 in
1022 2295 1092 2374 Epi-

76 2379 249 2466 graphas³⁶²
273 2404 289 2445 a
312 2384 384 2446 Dno.
406 2384 532 2467 Gentile,
556 2404 644 2464 quem
669 2387 799 2446 officiose
825 2385 928 2466 saluto,
951 2391 984 2446 ut
1003 2386 1092 2444 etiarn

76 2475 110 2536 I).
139 2473 318 2535 Taurellum.
363 2474 477 2555 Valete,
510 2477 673 2536 amicorum
704 2477 795 2556 triga,
828 2483 857 2536 et
886 2493 934 2536 me
962 2473 1092 2535 funalem

78 2581 189 2643 equum
217 2581 317 2624 amore
342 2570 442 2624 vestro
467 2560 648 2648 sociali***)
672 2583 761 2644 porro
786 2566 907 2644 dignum
931 2567 1093 2627 aestimate.

77 2654 122 2715 lta
145 2671 197 2713 vos
220 2655 357 2713 aestimet
379 2651 488 2733 Gratia,
510 2652 614 2735 Pallas,
637 2654 710 2715 Clio.

124 2758 400 2842 Heidelbergae,
423 2759 570 2839 extemplo
595 2760 642 2820 die
668 2758 717 2822 13.
742 2761 813 2823 Nov.
838 2758 933 2824 1601.

286 2948 334 3018 ot.
363 2951 389 3019 l.
414 2951 573 3020 Gruterus
597 2952 628 3020 G.
651 2952 884 3020 Rittersbusio.

78 3071 341 3142 Heidelbergae.
869 3079 911 3128 28.
930 3073 996 3129 Deo.
1018 3080 1095 3129 1601.

150 3185 179 3246 S.
207 3185 238 3247 P.
269 3189 316 3248 vir
347 3188 606 3249 excellentissime.
655 3185 813 3266 Exemplar
844 3186 1097 3266 Epigrammatum

79 3285 202 3336 tuorum
231 3281 261 3336 et
287 3275 319 3336 lt.
342 3276 470 3338 Piecarti
497 3277 623 3338 alterum
650 3277 716 3336 heri
743 3276 862 3336 demum
886 3279 999 3360 recepi,
1026 3277 1097 3339 lieet

154 3413 182 3480 ²⁸)
201 3411 267 3467 Cod.
287 3419 440 3469 curaturos.

136 3482 179 3549 **)
198 3480 330 3550 Sequitur
347 3483 532 3554 epigramma.

114 3553 173 3621 m)
193 3551 257 3608 Ood.
276 3556 375 3612 sonuli.
