2370 3840
506 167 647 239 epistolae
1041 170 1086 235 93

63 338 128 380 non
152 325 200 379 est
223 316 301 397 quod
320 316 482 399 ambigam3
506 318 542 378 de
561 318 700 379 facultate
719 318 798 379 Deus
818 326 848 379 et
866 319 930 380 dies
949 321 1085 381 viderint.

64 410 150 480 Quae
183 414 298 468 restant
329 410 473 488 nummis,
510 425 570 467 non
602 407 702 468 verbis
735 407 918 487 expedienda
955 412 1087 490 veniunt,

66 516 144 577 quos
168 514 224 576 ego
246 503 418 557 numeratos
441 499 500 557 iam
523 504 553 557 et
575 505 694 575 paratos
718 497 826 557 litteris
849 498 932 558 bisce
952 502 1087 559 commit-

65 595 132 648 tere
152 586 343 666 destinaram,
361 587 394 645 ni
412 585 556 646 dubitatio
572 587 716 664 quaedam
730 605 777 646 me
797 589 980 668 retraxisset,
999 606 1087 666 quam

67 675 193 736 verbulo
221 677 353 735 eximere
375 675 469 755 Ampl.
493 675 598 736 Vestra
625 675 804 754 dignabitur.
850 675 977 736 Unicum
1007 678 1088 736 enim

68 765 176 826 saltem
199 763 350 842 exemplar
372 762 474 825 Lexici
497 764 574 825 luris
594 764 753 846 fasciculus
772 768 966 826 transmissus
985 765 1087 826 habuit

68 861 99 915 et
122 854 239 914 litterae
268 861 492 935 expresserunt,
521 872 589 914 cum
617 855 675 914 duo
703 849 882 934 ὑπόμνημα
909 854 1086 933 bibliopolae

70 944 174 1004 datum
197 943 298 1003 allerri
322 939 457 1024 voluerit,
481 949 511 1002 et
533 942 583 1003 ille
607 961 726 1022 quoque
750 943 808 1003 duo
833 961 864 1003 se
888 944 920 1003 Α.
943 944 974 1003 V.
998 944 1088 1004 tradi·

70 1033 152 1092 disse
176 1031 250 1091 mibi
273 1031 390 1092 dixerit.
423 1031 501 1102 Quid
519 1034 611 1110 igitur
630 1031 667 1092 de
686 1031 778 1092 altero
798 1032 961 1111 exemplari
979 1034 1089 1093 lactum

71 1123 123 1201 sit,
157 1122 306 1180 coniicere
330 1138 459 1202 nequeo,
492 1114 647 1200 topius⁴⁴⁹
671 1128 773 1182 noster
801 1120 874 1181 illud
898 1123 961 1182 suis
984 1122 1089 1182 usibus

73 1216 227 1289 exoptarat
249 1216 279 1269 et
302 1210 474 1291 etiamnum,
498 1211 525 1269 si
546 1209 651 1270 haberi
674 1217 780 1291 potest,
804 1210 962 1271 desiderat.
999 1210 1090 1271 Notas

73 1299 114 1360 Cl.
138 1298 277 1358 Bachovii
304 1298 340 1358 ad
369 1293 604 1360 Treutlerum4⁵⁰
631 1299 729 1359 cidem
756 1299 934 1379 bibliopolae
962 1303 1090 1381 restitui,

74 1396 104 1448 et
126 1391 191 1467 ipse
215 1406 265 1448 eas
287 1386 368 1448 ultro
387 1391 510 1469 recepit,
534 1387 612 1467 quod
631 1388 709 1449 ultra
727 1391 946 1468 praescriptum
965 1391 1090 1450 schedu-

74 1477 118 1537 lae
144 1484 264 1538 nostrae
292 1494 353 1558 non
381 1477 597 1556 subsequentes
625 1480 752 1556 primam
780 1478 931 1538 decuriam
960 1478 1090 1557 disputa-

74 1569 179 1647 tiones,
198 1565 250 1626 sed
264 1565 330 1625 illas
349 1568 429 1645 ipsas
448 1569 565 1645 priores
585 1563 635 1628 10.
651 1567 865 1646 disputationes
885 1567 1091 1645 superioribus

75 1656 217 1716 nundinis
244 1657 303 1715 iam
330 1655 405 1715 mihi
431 1662 549 1734 paratas
571 1655 665 1735 dmm.
689 1655 809 1716 Vestrae
839 1654 988 1715 obtulerit.
1034 1655 1091 1715 Pro

75 1745 121 1806 his
145 1761 217 1823 ergo
240 1745 371 1823 pretium
392 1739 446 1807 48.
466 1746 689 1823 crucigerorum
710 1744 890 1805 demendum
909 1746 967 1804 erit
985 1752 1015 1805 ct
1034 1743 1092 1804 duo

76 1833 107 1894 R.
131 1832 269 1914 addendi,
292 1834 319 1893 si
336 1833 433 1895 adhuc
451 1852 545 1895 unum
566 1834 717 1914 exemplar
734 1833 836 1894 Lexici
854 1833 913 1894 huc
937 1834 1093 1913 appulerit,

76 1930 213 1984 manente
237 1925 266 1982 ei
284 1924 399 2001 integra
417 1930 555 1984 vecturae
574 1923 711 1984 mercede
736 1920 787 1986 25.
807 1942 858 2005 cr,
882 1925 908 1983 si
931 1923 1007 1984 forte
1028 1941 1093 1983 eam

77 2013 133 2073 sibi
164 2013 261 2072 minui
293 2018 417 2091 propter
448 2014 621 2073 restitutum
652 2020 791 2074 notarum
822 2013 1094 2074 bacchovianarum

75 2101 185 2162 librum
209 2102 309 2179 exigui
331 2101 473 2180 ponderis
499 2120 560 2162 non
587 2104 724 2182 patiatur.
779 2103 926 2181 Quicquid
956 2105 1027 2183 erit,
1055 2104 1093 2162 si-

75 2191 172 2251 mulac
196 2189 232 2250 de
246 2189 355 2250 Lexico
374 2190 466 2251 altero
485 2199 566 2251 recte
585 2199 688 2252 curato
707 2191 871 2272 inaudiero,
894 2210 949 2270 pro
965 2193 1094 2268 acceptis

76 2279 161 2340 libris
190 2281 372 2358 assignatum
399 2282 530 2358 pretium
558 2283 708 2341 remittam
735 2286 845 2359 gratus.
891 2278 945 2339 Du.
974 2279 1096 2358 Mylium

77 2369 166 2430 credo
185 2368 217 2429 Α.
232 2366 354 2429 Vestrae
373 2376 441 2429 aute
461 2369 573 2429 abitum
591 2370 768 2430 valedixisse
787 2374 838 2429 ant
857 2374 937 2428 certe
956 2367 1095 2448 voluisse,

77 2460 103 2518 si
121 2476 178 2537 per
196 2456 362 2518 absentiam
379 2459 412 2519 t.
431 2457 552 2519 Vestrae
572 2457 715 2520 licuisset.
739 2458 768 2518 ls
789 2455 839 2521 16.
863 2457 911 2517 die
935 2458 1002 2537 Apr.
1027 2475 1096 2518 cum

76 2546 294 2608 mercatoribus
314 2546 426 2626 aliquot
443 2550 555 2608 inritus
574 2554 604 2608 et
618 2548 772 2609 subtristis
786 2546 951 2626 Noriberga
965 2547 1097 2627 Lipsiam

76 2638 184 2717 movit,
207 2634 286 2696 Deus
309 2638 368 2717 ipsi
390 2638 449 2697 iter
471 2638 603 2698 fortunet
627 2644 656 2698 et
679 2637 793 2699 salvum
812 2639 844 2697 in
862 2640 990 2716 patriam
1008 2637 1096 2697 redu·

77 2734 132 2787 cat.
169 2721 304 2785 Inveniet
325 2733 469 2786 mutatam
491 2725 527 2786 ab
551 2725 610 2807 illa,
634 2746 722 2806 quam
746 2735 813 2787 ante
836 2728 1000 2787 triennium
1028 2726 1097 2785 reli-

77 2817 151 2896 quit,
175 2816 208 2874 in
231 2820 312 2875 statu
334 2821 434 2875 tamen
455 2814 650 2875 tolerabiliori
673 2824 703 2877 et
725 2815 843 2877 laetiori
867 2834 956 2893 quam
979 2833 996 2874 a
1014 2821 1096 2875 tauto

76 2903 260 2965 baalitorum
283 2903 383 2964 lurore
408 2922 528 2983 sperare
548 2907 616 2982 quis
635 2907 791 2984 potuisset.
823 2903 847 2964 E
867 2903 983 2964 duobus
1003 2903 1098 2985 melia,

78 2996 104 3054 si
131 2999 294 3071 utrumque
322 2992 466 3053 declinari
492 3011 553 3053 non
575 2996 686 3074 potuit,
712 2996 813 3054 minus
841 2993 897 3051 luit
920 2992 1097 3071 eligendum.

78 3082 217 3143 Praestat
247 3083 377 3142 nummis
410 3081 523 3161 aliquot
554 3101 656 3142 carere
690 3101 778 3162 quam
804 3080 928 3142 Martem
958 3083 1099 3143 continuo

77 3173 187 3232 timere
211 3177 261 3231 aut
284 3189 388 3249 pacem
412 3179 590 3251 suspectam,
614 3190 689 3250 quae
708 3173 774 3250 ipso
792 3169 871 3231 bello
890 3169 1022 3232 deterior
1046 3181 1099 3234 est.

78 3259 214 3340 Epistola
241 3259 289 3319 bis
317 3277 431 3320 annexa
459 3259 568 3320 Excell.
592 3260 645 3320 Dn.
669 3260 701 3320 D.
725 3254 1029 3339 llirchbergcro⁴⁵¹a
1052 3282 1099 3323 me

78 3348 217 3430 debetur,
241 3366 330 3427 quem
348 3351 477 3428 primum
498 3352 528 3409 iu
547 3350 673 3429 nuptiali
691 3349 742 3410 illo
760 3349 869 3410 Helmii
887 3352 1013 3428 prandio
1033 3371 1101 3412 cum

79 3438 147 3498 aliis
171 3437 341 3516 hospitibus
364 3438 537 3500 clarissimis
560 3458 683 3502 mensae
704 3446 826 3502 tessera
843 3439 927 3499 mnu
940 3442 1067 3513 inuam,
1082 3446 1120 3492 et

78 3527 180 3585 tbeses
199 3526 251 3586 bic
273 3531 469 3592 transmissae
490 3531 528 3594 de
548 3551 612 3596 usu
629 3525 830 3596 uenarumffl
854 3529 1001 3590 retinere
1017 3520 1154 3587 umenti
