2364 3832
508 169 647 242 epistolae

281 368 333 439 dd.
366 370 393 438 l.
413 368 575 438 Gruterus
599 369 654 438 db.
672 369 870 437 Hoetliolrio.

94 488 334 564 Heidelbergae.
842 499 883 548 15.
903 492 984 548 Febr.
1006 500 1083 550 1616.

143 588 190 651 01⁰.
200 589 518 671 praestantissimoque
532 589 597 648 viro
606 586 679 647 Duo.
691 587 904 667 christophoro
914 588 1084 649 Hoellichio

94 672 109 733 l.
122 676 146 737 C.
165 686 248 759 atque
272 678 396 758 syndico
419 676 503 738 urbis
525 678 638 756 patriae
663 684 717 737 cto.
742 658 962 756 Norimbergae.

142 767 167 829 S.
195 766 316 829 Lubens
340 764 473 827 intellexi
495 767 614 844 nuptias
641 773 708 826 tuas
735 774 795 826 tarn
824 766 950 828 feliciter
978 766 1084 827 decur-

93 854 150 915 risse
178 874 194 917 a
224 855 398 918 carceribus
430 855 465 914 ad
497 862 615 915 metam.
661 853 803 916 Fructum
836 875 938 917 earum
969 863 1001 916 ut
1030 874 1083 916 suo

93 948 201 1023 tempore
223 947 359 1024 gustetiS,
382 962 489 1023 precor
508 942 602 1004 Deum
622 951 680 1022 opt.
699 962 775 1004 max.
795 946 904 1024 diuque
928 947 1084 1014 unanimes

93 1032 180 1095 viralis.
225 1034 290 1105 Quo
318 1040 386 1095 voto
418 1032 589 1112 complexus
623 1050 689 1093 sum
722 1036 833 1116 omnia,
867 1054 941 1113 quae
974 1035 1084 1095 faciant

93 1116 218 1185 hominem
241 1130 418 1201 serventque
441 1122 569 1183 beatum.
611 1121 735 1183 Gavisus
760 1142 835 1205 sum,
858 1132 891 1185 ut
914 1125 972 1203 legi
994 1126 1083 1184 etiam

92 1206 148 1270 iesto
168 1212 210 1273 illi
231 1219 284 1274 tuo
307 1212 478 1273 interfuisse
501 1210 555 1271 Dn.
578 1210 760 1293 Piccartum3
788 1214 973 1274 inaudieram
1001 1215 1083 1274 enim

92 1294 179 1378 aliquid
201 1300 238 1363 de
262 1302 327 1362 eius
345 1300 512 1361 valetudine
532 1302 632 1360 minus
651 1299 727 1361 bella
746 1302 872 1382 ideoque
891 1303 1083 1365 vehementer·

92 1401 153 1448 eram
177 1390 336 1469 sollicitus,
367 1397 469 1469 utpote
498 1407 586 1468 quem
614 1388 743 1450 arbitror
770 1392 925 1453 doctorum
949 1396 1082 1454 omnium

92 1474 188 1540 oalurlis
219 1478 461 1540 substituendum
492 1481 524 1539 iu
561 1478 659 1539 locum
696 1480 844 1541 demortui
875 1481 1082 1542 Ritterslrusii:

91 1562 145 1625 adeo
172 1574 201 1629 et
231 1567 343 1629 iudicio
376 1574 421 1628 est
453 1566 596 1645 singulari
628 1574 658 1627 et
690 1570 810 1645 ingenio
838 1572 937 1630 unico.
982 1564 1018 1628 Ei
1048 1578 1081 1630 tu

91 1667 176 1727 quaeso
198 1656 280 1717 mille
309 1675 326 1716 a
348 1674 396 1717 me
423 1655 533 1717 salutes
561 1658 592 1715 in
620 1655 699 1715 hunc
727 1663 757 1715 et
783 1655 884 1734 plures
913 1675 1005 1717 armos
1034 1677 1080 1718 se-

90 1752 204 1828 quentes,
235 1745 316 1825 qnod
346 1752 447 1806 votum
478 1745 558 1805 idem
590 1747 708 1823 ingeras
741 1745 828 1804 uelim
861 1746 1080 1807 officiosissimo

38 1880 40 1885 .
90 1829 197 1895 uirorum
218 1834 273 1895 Dn.
292 1833 454 1914 Praetorio,
478 1836 527 1894 cui
544 1833 707 1913 plurimum
725 1833 857 1913 gratulor
876 1836 912 1897 de
932 1835 1079 1914 expeditis

89 1920 143 1998 reip.
163 1943 230 1985 suae
259 1925 387 2001 negotiis
415 1971 421 1983 .
446 1970 453 1983 .
481 1921 674 1982 Faustissima
706 1926 778 1984 item
810 1932 879 2004 opto
913 1943 1079 2004 precorque

88 2007 196 2073 uirorum
219 2015 332 2093 optimo
351 2011 402 2072 Dn.
422 2010 523 2072 Remo.
555 2010 719 2072 Plurimum
738 2012 794 2073 tibi
813 2014 906 2075 debeo
924 2033 979 2094 pro
998 2015 1079 2077 felici

87 2094 285 2182 adprecatione,
313 2119 370 2179 qua
397 2119 446 2161 me
474 2100 550 2179 apud
579 2101 709 2161 divinam
736 2103 953 2181 providentiam
976 2123 1078 2182 prose-

86 2187 166 2260 quitur
186 2198 257 2252 tuus
280 2189 406 2251 Iambus.
452 2189 514 2250 Nec
541 2192 641 2250 miuus
670 2190 815 2268 obligatus
839 2210 906 2252 sum
928 2191 982 2251 Dn.
1006 2192 1079 2270 Gry-

84 2275 195 2349 otmaro
213 2298 269 2360 pro
287 2281 464 2339 transmisso
483 2278 641 2358 Epitaphio
659 2278 740 2338 Eliae
759 2277 914 2339 Reusneri.
943 2278 1078 2357 Optimae

84 2363 113 2422 sit
130 2375 247 2430 naturae
271 2374 397 2448 oportet,
421 2369 473 2446 qui
496 2376 557 2428 tam
580 2369 674 2428 comis
697 2368 794 2427 estin
811 2366 886 2427 nihil
904 2375 1077 2428 merentem.

83 2445 173 2518 l'ellem
191 2458 326 2538 prolecto
344 2457 411 2517 heic
430 2458 520 2517 etiam
539 2459 571 2516 in
589 2455 687 2535 aliqua
706 2474 739 2516 re
759 2457 787 2516 ei
806 2455 967 2535 gratificari
980 2475 1077 2536 posse.

81 2533 172 2608 Libens
194 2545 314 2626 quidvis
336 2547 402 2607 eius
425 2548 545 2606 nomine
565 2544 717 2606 subierim.
746 2545 820 2616 Quia
839 2553 868 2606 te
888 2547 973 2606 video
993 2547 1077 2607 lami-

80 2623 176 2697 tamor
196 2641 302 2697 notum
321 2634 564 2696 Neusteterianae
584 2634 721 2716 familiae,
744 2635 790 2696 fac
809 2636 934 2697 obsecro
953 2636 1077 2697 babeam

80 2714 143 2784 diem
164 2723 292 2786 natalem
315 2722 569 2805 emortualemquq
591 2722 708 2785 Erasmi
730 2719 971 2804 Neustetteriffl,
999 2725 1077 2785 llae-

79 2816 174 2874 ceratis
188 2813 270 2874 illius
284 2814 417 2891 regionis
435 2812 676 2892 incomparabilis
695 2821 725 2873 et
744 2813 779 2873 ad
798 2816 884 2874 cuius
901 2814 1076 2872 memoriam

79 2911 119 2958 tor
136 2903 211 2963 mihi
232 2909 329 2962 totum
353 2901 484 2962 subsilit:
508 2902 580 2962 adeo
603 2903 695 2963 multa
719 2901 755 2962 de
779 2921 814 2962 eo
834 2903 952 2979 egregia
971 2899 1076 2960 solitus

78 2994 114 3047 est
134 2992 208 3052 mihi
234 3008 356 3052 narrare
383 2990 523 3052 Posthius
551 3010 585 3050 ac
611 2990 762 3069 Melissus,
794 2987 929 3049 eiusdem
956 2987 1077 3069 alumni,

76 3088 154 3156 taque
185 3087 309 3160 propter
340 3082 447 3140 merito
476 3082 574 3159 ipsum
602 3080 787 3140 consecravit
816 3076 965 3156 epitaphio
993 3076 1077 3137 illusa

76 3177 129 3227 mea
149 3163 437 3230 extraordinaria425.
474 3162 677 3228 Gebhardo⁴²⁸
700 3165 822 3226 tradidit
845 3165 974 3225 inclusas
998 3185 1076 3227 ama·

75 3259 184 3320 ouensis
225 3276 310 3318 meus
351 3258 537 3335 indicavique
579 3253 780 3335 respondendi
817 3256 1075 3334 opportunitatem.

74 3333 225 3424 Respondit
248 3346 379 3425 quotidie
403 3354 505 3425 patere
525 3343 561 3404 ad
580 3363 632 3404 vos
652 3347 719 3403 iter.
752 3340 853 3422 ltaque
873 3346 900 3404 si
917 3362 997 3406 nunc
1016 3364 1076 3406 non

73 3435 208 3516 rescribit,
231 3436 320 3496 saciet
342 3435 415 3496 alias
439 3443 552 3514 estque,
576 3433 654 3512 quod
678 3426 745 3490 albo
769 3433 867 3510 signet
885 3432 997 3494 calculo
1017 3434 1076 3494 lor-

73 3522 163 3584 tunam
185 3524 267 3585 illius
290 3524 362 3604 diei,
396 3543 454 3604 quo
478 3531 543 3584 tiras
568 3523 695 3603 recepit,
727 3519 839 3581 nedum
867 3528 901 3580 ut
923 3539 997 3598 opus
1020 3521 1080 3580 tihi
