2364 3832
482 183 688 239 Adnotationes
966 227 968 230 ,
1028 181 1092 246 143

74 324 1094 467 erectaerectalaurumuteteaee

75 469 178 525 studiis
192 442 308 540 Lipsiae
327 485 357 524 55
374 467 462 536 dedit,
480 468 531 523 ubi
544 471 574 523 et
587 467 692 538 Wolfg.
707 467 829 522 Meureri
843 468 971 524 doctrina
986 470 1015 522 et
1027 484 1092 522 con-

75 540 227 596 suetudine
259 541 401 596 utebatur.
438 540 521 594 Patre
554 557 579 596 a.
605 545 673 594 1536
701 543 811 594 mortuo
840 539 879 594 ad
904 538 1093 594 hereditatem

75 612 286 684 suscipiendam
305 611 520 682 Beuchlingiam
536 611 635 681 rediit3
655 612 705 666 sed
723 628 788 665 mox
806 628 832 666 a.
852 616 922 665 1539
941 611 979 666 ad
998 608 1093 663 studia

75 683 270 739 continuanda
287 682 342 738 iter
359 683 391 736 in
408 682 531 752 Italiam,
551 682 726 737 domicilium
738 682 898 737 litterarum
912 685 941 737 et
953 683 1092 736 bonarum

75 755 180 810 artium
194 753 278 824 quasi
291 757 487 823 mercaturam,
501 754 595 809 facere
609 753 735 808 instituit
749 757 778 808 et
786 752 947 808 Fabricium
962 750 1093 807 comitem

76 826 132 881 sibi
149 825 318 896 adsumpsit.
354 826 389 881 V.
403 824 546 893 Albinum,
567 824 694 880 Historia
711 843 767 879 von
786 826 850 880 dem
865 869 871 880 .
887 869 893 881 .
909 821 1092 879 Geschlechte

76 898 157 953 derer
171 939 178 952 .
194 941 200 954 .
216 913 274 951 155
286 897 458 952 Werthern.
476 897 580 967 .Lng.
597 902 665 951 1705
684 915 711 967 p.
727 903 833 952 49-50
848 900 877 952 55
889 895 1093 966 Baumgarten-

77 969 207 1024 Crusium
224 967 256 1023 in
272 968 334 1022 1155
352 967 477 1023 Fabricii
494 987 521 1038 p.
536 974 570 1022 35
581 987 655 1038 sqq.,
679 968 728 1037 qui
747 969 784 1023 ad
801 968 993 1023 narrationem
1012 981 1093 1019 suam

76 1041 169 1166 11111
179 1038 1094 1184 113110151111111511111511111111111111111

78 1187 147 1237 1547
165 1201 193 1253 p.
210 1188 226 1237 5
246 1185 275 1237 55
293 1182 370 1266 apud
387 1181 523 1236 Albinum
540 1202 567 1253 p.
577 1130 642 1253 g5¹31),
666 1182 743 1237 illius
763 1183 932 1238 auctoritato
949 1181 1093 1265 permotus

78 1256 133 1323 est,
156 1256 190 1307 ut
212 1253 285 1307 illud
307 1255 363 1308 1551
384 1253 535 1324 diligenter
553 1254 737 1324 describeret,
761 1253 843 1324 eique
861 1254 917 1326 ipsi
934 1255 1039 1308 librum
1058 1249 1094 1304 de

77 1325 146 1380 urbe
168 1341 287 1380 1551555
309 1324 354 1378 515
378 1341 488 1393 quoque
510 1325 684 1395 temporibus
707 1343 764 1381 non
786 1325 928 1394 inutilem,
957 1321 1093 1380 fratribus

79 1400 173 1451 autem
191 1395 323 1466 Philippo
348 1397 377 1451 et
394 1395 518 1450 Antonio
538 1396 673 1451 ‘Itinera'
700 1397 851 1454 dedicavit.
888 1399 1039 1452 Praeterea
1058 1393 1093 1447 de

79 1467 203 1523 Fabricii
216 1465 318 1522 itinere
332 1469 431 1522 auctor
444 1469 488 1522 est
499 1467 628 1537 Albinus,
643 1468 828 1524 Meisznische
842 1470 923 1524 Land
936 1467 994 1523 vnd
1008 1465 1093 1534 Berg-

80 1536 218 1594 Chronica
232 1582 239 1594 .
255 1581 262 1594 .
276 1538 418 1593 Dreszden
441 1544 511 1593 1589
529 1558 557 1609 p.
573 1545 625 1593 363
649 1542 678 1594 et
696 1539 726 1592 in
744 1539 864 1594 51555115
882 1540 1095 1595 Wertherorum

78 1628 105 1680 p.
123 1614 158 1663 48
169 1626 225 1680 sq.,
254 1609 332 1664 5111115
360 1609 486 1664 narratio
512 1610 582 1664 55515
605 1614 739 1665 55515555
763 1611 851 1666 551115
875 1608 981 1682 legenti
1004 1605 1094 1676 primo

80 1682 180 1736 obtutu
197 1680 366 1752 probabitur
384 1684 413 1736 et
430 1681 592 1737 breviculae
605 1681 770 1752 Leutingeri
782 1681 935 1737 memoriae
949 1680 990 1751 (in
1004 1676 1095 1758 operi·

79 1753 130 1807 bus
153 1752 282 1808 1555551.
303 1757 372 1806 1719
395 1752 491 1823 1627)
515 1752 628 1807 5515155
650 1754 836 1824 praeterendo
859 1770 920 1808 5555
942 1748 1094 1818 videbrtur,

80 1823 128 1878 ubi
145 1823 222 1878 inter
241 1841 270 1878 55
289 1823 468 1879 dissentiunt.
497 1824 567 1879 Cum
586 1828 681 1880 autem
700 1824 787 1880 etiam
802 1826 878 1897 apud
891 1821 1095 1903 Baumgarten-

81 1894 208 1950 Crucium
230 1893 339 1950 itineris
364 1895 515 1966 descriptio
537 1916 565 1967 p.
580 1903 615 1951 40
625 1915 685 1966 sqq.
709 1897 756 1951 hic
779 1896 840 1952 illic
862 1898 909 1952 vel
929 1891 1033 1963 corrigi
1049 1890 1096 1947 151

81 1983 112 2020 55
131 1965 205 2048 51511
231 1983 248 2020 5
270 1965 352 2021 55515
374 1966 477 2048 possit,
506 1983 524 2021 5
547 1968 664 2022 55551115
687 1971 783 2023 555515
806 1987 864 2025 555
887 1968 1012 2024 alienum
1035 1979 1096 2019 5555

80 2036 110 2091 15
140 2053 238 2093 camus
253 2039 282 2092 55
295 2037 404 2092 itineris
420 2037 557 2093 stationes
571 2041 600 2094 et
613 2040 774 2095 litterarum
787 2040 909 2097 invicem
919 2038 1095 2108 scriptarum,

81 2125 152 2178 quae
172 2109 266 2164 adhuc
280 2111 401 2178 exstant,
421 2110 522 2164 seriem
534 2128 698 2180 proponere.
727 2117 769 2167 23.
785 2117 809 2166 4.
825 2118 895 2166 1539
909 2106 1096 2176 Beuchlingia

79 2179 200 2250 51515551
229 2184 271 2235 17.
292 2185 317 2236 5.
336 2180 487 2235 Patavium
510 2185 704 2250 pervenerunt.
724 2213 757 2222 -
778 2188 821 2238 26.
837 2190 860 2238 5.
881 2182 962 2252 epist.
978 2185 993 2232 7
1010 2176 1096 2232 aar.

80 2250 116 2306 ad
142 2251 304 2306 Meurerum
330 2251 449 2307 Patauio
482 2252 551 2305 data
583 2254 627 2307 est
653 2255 684 2322 (‘.
705 2297 711 2308 .
732 2252 827 2307 salvus
857 2251 1008 2308 Patavium
1034 2263 1096 2318 per·

79 2322 185 2393 veni’);
211 2328 253 2378 24.
268 2327 293 2378 8.
313 2328 384 2377 1540
403 2323 484 2394 epist.
500 2328 516 2376 8
538 2323 576 2378 ad
594 2324 714 2378 eundem
733 2340 768 2377 ex
786 2326 887 2380 eadem
905 2324 982 2377 urbe.
1019 2318 1097 2372 Haec

28 2401 29 2407 ’
79 2392 203 2449 estsine
222 2393 309 2448 dubio
327 2410 362 2448 ea
380 2395 510 2465 epistola,
529 2412 615 2464 quam
628 2393 775 2449 Fabricius
794 2412 824 2450 55
844 2394 989 2464 scripsisse
1004 2388 1096 2460 (epist.

78 2466 223 2533 5555159)
246 2466 369 2520 testatur
390 2465 483 2535 pridie
506 2483 592 2534 quam
615 2483 633 2520 5
651 2467 778 2521 Μ551515
802 2466 924 2537 55155515
948 2461 1097 2533 quaedam,

80 2536 206 2591 omnium
219 2552 291 2604 quas
304 2535 335 2591 in
348 2536 434 2591 Italia
447 2537 604 2608 accepisset
612 2538 713 2609 prima,
728 2537 784 2592 sibi
792 2538 906 2593 reddita
917 2536 992 2592 esset
1001 2548 1098 2603 quam-

80 2624 134 2677 que
156 2623 194 2662 55
216 2607 323 2661 1155515
346 2611 502 2679 exorasset,
525 2609 561 2663 iis
580 2608 684 2664 litteris
703 2608 865 2677 inclusisse,
889 2626 961 2680 quas
979 2602 1099 2659 Patauio

80 2685 121 2736 27.
141 2683 167 2734 8.
192 2684 263 2732 1540
286 2678 323 2733 ad
346 2679 506 2734 Meua-erum
529 2681 609 2735 dedit
632 2698 649 2735 a
670 2681 754 2737 nobis
777 2681 886 2753 publici
909 2678 979 2735 iuris
997 2675 1098 2731 factas.

80 2749 149 2805 Cum
168 2751 265 2804 autem
282 2748 313 2804 in
332 2749 413 2820 epist.
433 2757 450 2805 8
469 2752 558 2808 dicat:
579 2754 671 2821 ‘quod
691 2752 716 2808 si
732 2755 833 2808 mutua
852 2769 913 2810 5555
932 2749 1018 2805 debet
1035 2745 1100 2798 lite-

79 2839 175 2876 rarum
192 2820 304 2889 missio,
329 2837 382 2892 ego
400 2824 465 2878 tuas
483 2823 585 2880 merito
605 2823 663 2879 iam
682 2825 881 2895 expectabam,
908 2836 979 2892 quas
999 2817 1099 2872 elicere

79 2892 178 2948 statim
192 2895 278 2961 atque
292 2892 443 2948 Patavium
455 2895 572 2966 perveni
585 2894 685 2978 primis
701 2897 738 2950 ad
753 2900 782 2951 te
796 2896 873 2951 datis
889 2892 961 2964 (scil.
976 2887 1057 2958 epist.
1074 2887 1100 2968 7)

79 2966 198 3019 conatus
218 2965 306 3033 sum',
325 2963 392 3019 inde
410 2965 533 3021 efficitur
549 2966 692 3037 primitias
706 2965 832 3022 Fabricii
849 2967 1011 3022 litterarum
1024 2957 1101 3038 itah3

78 3052 176 3090 carum
195 3034 233 3090 ad
246 3034 406 3090 Meurerum
420 3036 480 3091 sine
494 3037 598 3092 lacuna
613 3040 742 3094 servatas
757 3055 826 3095 esse.
838 3071 871 3081 -
882 3043 926 3094 25.
939 3040 964 3090 8.
979 3033 1102 3087 Meuren

77 3106 193 3162 litterae
216 3105 368 3162 Patavium
390 3107 521 3162 Fabricio
550 3110 720 3177 adportatae
749 3112 827 3180 sunt,
857 3109 894 3165 ad
922 3122 994 3177 quas
1020 3100 1102 3173 epist.

78 3181 177 3233 nostra
191 3194 226 3232 ex
240 3178 308 3232 urbe
322 3177 442 3232 Patavio
457 3184 499 3235 27.
510 3182 535 3233 8.
550 3179 677 3249 Lipsiam
691 3180 851 3238 5511115551
866 3181 936 3235 data
949 3171 1103 3246 respondit.

77 3249 143 3305 Non
155 3249 247 3303 multo
262 3251 328 3303 ante
343 3249 478 3305 Venetias
493 3256 676 3307 excurrerant
690 3253 782 3322 (epist.
797 3254 915 3320 nostra).
926 3280 960 3292 -
970 3248 1021 3305 Ac.
1032 3249 1101 3299 1541

78 3321 166 3377 etiam
185 3319 330 3375 Bononiae
354 3320 520 3376 commorati
544 3323 611 3377 sunt
634 3324 665 3378 in
683 3323 876 3378 studiosorum
895 3323 993 3377 album
1011 3315 1104 3374 relati.

80 3390 241 3448 ‘Bononiae
268 3391 313 3446 bis
339 3391 397 3446 fui’
422 3392 522 3448 scribit
544 3392 694 3449 Fabricius
717 3393 749 3448 in
771 3393 855 3464 epist.
880 3392 1005 3462 quadarn
1029 3385 1106 3458 apud

78 3463 225 3520 Schreber.
244 3481 271 3533 p.
287 3468 334 3519 50:
354 3463 413 3520 scil.
433 3464 555 3536 primum
575 3481 600 3519 a.
622 3470 701 3532 1541,
723 3465 828 3519 iterum
847 3464 948 3520 eodem
967 3477 1041 3516 anno
1060 3457 1107 3512 151

75 3534 211 3606 sequenti
228 3534 348 3590 Ρ555115
367 3536 487 3592 Romam
504 3537 645 3611 51515551·Ὶ
666 3533 713 3594 ibi
728 3535 792 3592 luit
806 3535 954 3598 tertium,
970 3525 1131 3582 55155555.
