<?xml version="1.0" encoding="UTF-8"?>
<!DOCTYPE html PUBLIC "-//W3C//DTD XHTML 1.0 Transitional//EN"
    "http://www.w3.org/TR/xhtml1/DTD/xhtml1-transitional.dtd">
<html xmlns="http://www.w3.org/1999/xhtml" xml:lang="en" lang="en">
 <head>
  <title>
</title>
<meta http-equiv="Content-Type" content="text/html;charset=utf-8" />
  <meta name='ocr-system' content='tesseract 3.04.00' />
  <meta name='ocr-capabilities' content='ocr_page ocr_carea ocr_par ocr_line ocrx_word'/>
</head>
<body>
  <div class='ocr_page' id='page_1' title='image "./virorumclarorum00meligoog_0085.png"; bbox 0 0 2370 3840; ppageno 0'>
   <div class='ocr_carea' id='block_1_1' title="bbox 119 177 708 246">
    <p class='ocr_par' dir='ltr' id='par_1_1' title="bbox 119 177 708 246">
     <span class='ocr_line' id='line_1_1' title="bbox 119 177 708 246; baseline -0.005 -13"><span class='ocrx_word' id='word_1_1' title='bbox 119 180 162 246; x_wconf 85' lang='lat'>68</span> <span class='ocrx_word' id='word_1_2' title='bbox 553 179 574 234; x_wconf 89' lang='lat'>1.</span> <span class='ocrx_word' id='word_1_3' title='bbox 594 177 708 232; x_wconf 80' lang='lat' dir='ltr'>Gruteri</span> 
     </span>
    </p>
   </div>
   <div class='ocr_carea' id='block_1_2' title="bbox 120 327 1143 1192">
    <p class='ocr_par' dir='ltr' id='par_1_2' title="bbox 120 327 1143 1192">
     <span class='ocr_line' id='line_1_2' title="bbox 121 327 1142 407; baseline -0.002 -16"><span class='ocrx_word' id='word_1_4' title='bbox 121 333 187 392; x_wconf 92' lang='lat' dir='ltr'>eius</span> <span class='ocrx_word' id='word_1_5' title='bbox 215 337 246 390; x_wconf 94' lang='lat' dir='ltr'>et</span> <span class='ocrx_word' id='word_1_6' title='bbox 272 329 408 389; x_wconf 91' lang='lat' dir='ltr'>doctrina</span> <span class='ocrx_word' id='word_1_7' title='bbox 435 333 597 407; x_wconf 91' lang='lat' dir='ltr'>merentur,</span> <span class='ocrx_word' id='word_1_8' title='bbox 629 327 657 386; x_wconf 92' lang='lat' dir='ltr'>h.</span> <span class='ocrx_word' id='word_1_9' title='bbox 686 346 711 388; x_wconf 91' lang='lat' dir='ltr'>e.</span> <span class='ocrx_word' id='word_1_10' title='bbox 739 329 771 387; x_wconf 92' lang='lat' dir='ltr'>in</span> <span class='ocrx_word' id='word_1_11' title='bbox 797 329 929 406; x_wconf 81' lang='lat' dir='ltr'>pectoris</span> <span class='ocrx_word' id='word_1_12' title='bbox 957 328 1019 386; x_wconf 91' lang='lat' dir='ltr'>mei</span> <span class='ocrx_word' id='word_1_13' title='bbox 1051 327 1142 389; x_wconf 91' lang='lat' dir='ltr'>veluti</span> 
     </span>
     <span class='ocr_line' id='line_1_3' title="bbox 121 411 1142 500; baseline -0.001 -20"><span class='ocrx_word' id='word_1_14' title='bbox 121 417 268 500; x_wconf 88' lang='lat' dir='ltr'>penetrali</span> <span class='ocrx_word' id='word_1_15' title='bbox 290 416 390 478; x_wconf 92' lang='lat' dir='ltr'>locum</span> <span class='ocrx_word' id='word_1_16' title='bbox 413 416 548 477; x_wconf 89' lang='lat' dir='ltr'>obtinere</span> <span class='ocrx_word' id='word_1_17' title='bbox 571 415 670 498; x_wconf 89' lang='lat' dir='ltr'>talem,</span> <span class='ocrx_word' id='word_1_18' title='bbox 693 415 810 495; x_wconf 90' lang='lat' dir='ltr'>qualem</span> <span class='ocrx_word' id='word_1_19' title='bbox 831 411 869 498; x_wconf 92' lang='lat' dir='ltr'>ii,</span> <span class='ocrx_word' id='word_1_20' title='bbox 900 433 975 494; x_wconf 91' lang='lat' dir='ltr'>quos</span> <span class='ocrx_word' id='word_1_21' title='bbox 999 415 1142 479; x_wconf 87' lang='lat' dir='ltr'>habemus</span> 
     </span>
     <span class='ocr_line' id='line_1_4' title="bbox 120 505 1141 590; baseline -0.002 -22"><span class='ocrx_word' id='word_1_22' title='bbox 120 509 208 590; x_wconf 89' lang='lat' dir='ltr'>plane</span> <span class='ocrx_word' id='word_1_23' title='bbox 232 509 264 568; x_wconf 93' lang='lat' dir='ltr'>in</span> <span class='ocrx_word' id='word_1_24' title='bbox 287 505 411 568; x_wconf 87' lang='lat' dir='ltr'>deliciis.</span> <span class='ocrx_word' id='word_1_25' title='bbox 444 505 487 567; x_wconf 88' lang='lat' dir='ltr'>Eo</span> <span class='ocrx_word' id='word_1_26' title='bbox 510 513 544 565; x_wconf 90' lang='lat' dir='ltr'>ut</span> <span class='ocrx_word' id='word_1_27' title='bbox 561 522 641 567; x_wconf 91' lang='lat' dir='ltr'>nunc</span> <span class='ocrx_word' id='word_1_28' title='bbox 661 505 765 566; x_wconf 89' lang='lat' dir='ltr'>saltem</span> <span class='ocrx_word' id='word_1_29' title='bbox 784 511 942 566; x_wconf 89' lang='lat' dir='ltr'>contentus</span> <span class='ocrx_word' id='word_1_30' title='bbox 962 507 1004 565; x_wconf 95' lang='lat' dir='ltr'>sit</span> <span class='ocrx_word' id='word_1_31' title='bbox 1024 524 1141 588; x_wconf 82' lang='lat' dir='ltr'>quaeso,</span> 
     </span>
     <span class='ocr_line' id='line_1_5' title="bbox 121 593 1141 677; baseline -0.003 -18"><span class='ocrx_word' id='word_1_32' title='bbox 121 605 368 677; x_wconf 82' lang='lat' dir='ltr'>compensaturus</span> <span class='ocrx_word' id='word_1_33' title='bbox 396 594 513 675; x_wconf 90' lang='lat' dir='ltr'>eulpam</span> <span class='ocrx_word' id='word_1_34' title='bbox 541 597 689 675; x_wconf 91' lang='lat' dir='ltr'>scriptura</span> <span class='ocrx_word' id='word_1_35' title='bbox 716 594 864 655; x_wconf 79' lang='lat' dir='ltr'>uberiore.</span> <span class='ocrx_word' id='word_1_36' title='bbox 913 593 1023 654; x_wconf 89' lang='lat' dir='ltr'>Eidem</span> <span class='ocrx_word' id='word_1_37' title='bbox 1055 598 1141 656; x_wconf 89' lang='lat' dir='ltr'>etiam</span> 
     </span>
     <span class='ocr_line' id='line_1_6' title="bbox 121 682 1140 765; baseline -0.003 -17"><span class='ocrx_word' id='word_1_38' title='bbox 121 687 236 748; x_wconf 90' lang='lat' dir='ltr'>indices</span> <span class='ocrx_word' id='word_1_39' title='bbox 259 685 330 747; x_wconf 89' lang='lat' dir='ltr'>licet</span> <span class='ocrx_word' id='word_1_40' title='bbox 352 684 389 746; x_wconf 89' lang='lat' dir='ltr'>de</span> <span class='ocrx_word' id='word_1_41' title='bbox 411 685 525 763; x_wconf 92' lang='lat' dir='ltr'>nuptiis</span> <span class='ocrx_word' id='word_1_42' title='bbox 547 685 660 745; x_wconf 91' lang='lat' dir='ltr'>nostris</span> <span class='ocrx_word' id='word_1_43' title='bbox 682 683 779 763; x_wconf 91' lang='lat' dir='ltr'>deque</span> <span class='ocrx_word' id='word_1_44' title='bbox 800 682 1069 765; x_wconf 86' lang='lat' dir='ltr'>Inscriptionibus,</span> <span class='ocrx_word' id='word_1_45' title='bbox 1093 684 1140 745; x_wconf 87' lang='lat' dir='ltr'>sed</span> 
     </span>
     <span class='ocr_line' id='line_1_7' title="bbox 122 771 1141 857; baseline -0.003 -20"><span class='ocrx_word' id='word_1_46' title='bbox 122 779 164 837; x_wconf 90' lang='lat' dir='ltr'>ita</span> <span class='ocrx_word' id='word_1_47' title='bbox 191 782 305 857; x_wconf 88' lang='lat' dir='ltr'>tamen,</span> <span class='ocrx_word' id='word_1_48' title='bbox 337 781 371 834; x_wconf 90' lang='lat' dir='ltr'>ut</span> <span class='ocrx_word' id='word_1_49' title='bbox 397 772 473 833; x_wconf 85' lang='lat' dir='ltr'>nihil</span> <span class='ocrx_word' id='word_1_50' title='bbox 495 775 559 851; x_wconf 89' lang='lat' dir='ltr'>ipse</span> <span class='ocrx_word' id='word_1_51' title='bbox 588 771 624 833; x_wconf 92' lang='lat' dir='ltr'>ab</span> <span class='ocrx_word' id='word_1_52' title='bbox 648 791 683 833; x_wconf 91' lang='lat' dir='ltr'>eo</span> <span class='ocrx_word' id='word_1_53' title='bbox 711 779 823 854; x_wconf 83' lang='lat' dir='ltr'>petam3</span> <span class='ocrx_word' id='word_1_54' title='bbox 855 778 972 833; x_wconf 89' lang='lat' dir='ltr'>tantum</span> <span class='ocrx_word' id='word_1_55' title='bbox 1002 772 1141 853; x_wconf 89' lang='lat' dir='ltr'>quiequid</span> 
     </span>
     <span class='ocr_line' id='line_1_8' title="bbox 122 859 1142 944; baseline -0.003 -19"><span class='ocrx_word' id='word_1_56' title='bbox 122 865 201 926; x_wconf 91' lang='lat' dir='ltr'>ultro</span> <span class='ocrx_word' id='word_1_57' title='bbox 225 864 429 944; x_wconf 82' lang='lat' dir='ltr'>imputaverit,</span> <span class='ocrx_word' id='word_1_58' title='bbox 456 861 629 923; x_wconf 87' lang='lat' dir='ltr'>habiturum</span> <span class='ocrx_word' id='word_1_59' title='bbox 656 863 757 941; x_wconf 81' lang='lat' dir='ltr'>magni</span> <span class='ocrx_word' id='word_1_60' title='bbox 784 859 923 922; x_wconf 87' lang='lat' dir='ltr'>beneficii</span> <span class='ocrx_word' id='word_1_61' title='bbox 946 859 1023 922; x_wconf 89' lang='lat' dir='ltr'>loco.</span> <span class='ocrx_word' id='word_1_62' title='bbox 1069 861 1142 942; x_wconf 86' lang='lat' dir='ltr'>Vale,</span> 
     </span>
     <span class='ocr_line' id='line_1_9' title="bbox 122 948 1141 1033; baseline -0.003 -19"><span class='ocrx_word' id='word_1_63' title='bbox 122 957 165 1014; x_wconf 90' lang='lat' dir='ltr'>mi</span> <span class='ocrx_word' id='word_1_64' title='bbox 188 956 281 1014; x_wconf 86' lang='lat' dir='ltr'>amice</span> <span class='ocrx_word' id='word_1_65' title='bbox 305 970 421 1033; x_wconf 86' lang='lat' dir='ltr'>magne,</span> <span class='ocrx_word' id='word_1_66' title='bbox 444 958 475 1012; x_wconf 90' lang='lat' dir='ltr'>et</span> <span class='ocrx_word' id='word_1_67' title='bbox 493 950 571 1011; x_wconf 90' lang='lat' dir='ltr'>salve</span> <span class='ocrx_word' id='word_1_68' title='bbox 591 970 659 1012; x_wconf 93' lang='lat' dir='ltr'>cum</span> <span class='ocrx_word' id='word_1_69' title='bbox 678 951 728 1012; x_wconf 97' lang='lat' dir='ltr'>illo</span> <span class='ocrx_word' id='word_1_70' title='bbox 747 958 912 1012; x_wconf 91' lang='lat' dir='ltr'>tuo—meo</span> <span class='ocrx_word' id='word_1_71' title='bbox 931 948 1007 1010; x_wconf 87' lang='lat' dir='ltr'>Dno.</span> <span class='ocrx_word' id='word_1_72' title='bbox 1027 950 1141 1031; x_wconf 87' lang='lat' dir='ltr'>Gentili,</span> 
     </span>
     <span class='ocr_line' id='line_1_10' title="bbox 123 1038 1143 1123; baseline -0.005 -19"><span class='ocrx_word' id='word_1_73' title='bbox 123 1045 209 1103; x_wconf 90' lang='lat' dir='ltr'>cuius</span> <span class='ocrx_word' id='word_1_74' title='bbox 233 1043 367 1123; x_wconf 90' lang='lat' dir='ltr'>quotidie</span> <span class='ocrx_word' id='word_1_75' title='bbox 392 1039 516 1101; x_wconf 85' lang='lat' dir='ltr'>Colerus</span> <span class='ocrx_word' id='word_1_76' title='bbox 544 1047 574 1100; x_wconf 89' lang='lat' dir='ltr'>et</span> <span class='ocrx_word' id='word_1_77' title='bbox 602 1059 655 1119; x_wconf 86' lang='lat' dir='ltr'>ego</span> <span class='ocrx_word' id='word_1_78' title='bbox 683 1041 876 1100; x_wconf 90' lang='lat' dir='ltr'>meminimus</span> <span class='ocrx_word' id='word_1_79' title='bbox 904 1038 1086 1121; x_wconf 90' lang='lat' dir='ltr'>honorifice,</span> <span class='ocrx_word' id='word_1_80' title='bbox 1111 1046 1143 1100; x_wconf 90' lang='lat' dir='ltr'>ut</span> 
     </span>
     <span class='ocr_line' id='line_1_11' title="bbox 121 1132 216 1192; baseline 0 0"><span class='ocrx_word' id='word_1_81' title='bbox 121 1132 216 1192; x_wconf 91' lang='lat' dir='ltr'>decet.</span> 
     </span>
    </p>
   </div>
   <div class='ocr_carea' id='block_1_3' title="bbox 167 1231 1103 1423">
    <p class='ocr_par' dir='ltr' id='par_1_3' title="bbox 167 1231 1103 1423">
     <span class='ocr_line' id='line_1_12' title="bbox 167 1231 824 1316; baseline -0.005 -18"><span class='ocrx_word' id='word_1_82' title='bbox 167 1236 445 1316; x_wconf 84' lang='lat' dir='ltr'>Heidelbergae,</span> <span class='ocrx_word' id='word_1_83' title='bbox 469 1234 517 1295; x_wconf 89' lang='lat' dir='ltr'>die</span> <span class='ocrx_word' id='word_1_84' title='bbox 542 1231 594 1298; x_wconf 81' lang='lat'>12.</span> <span class='ocrx_word' id='word_1_85' title='bbox 611 1234 710 1296; x_wconf 88' lang='lat' dir='ltr'>Martii</span> <span class='ocrx_word' id='word_1_86' title='bbox 730 1231 824 1297; x_wconf 81' lang='lat'>1601.</span> 
     </span>
     <span class='ocr_line' id='line_1_13' title="bbox 434 1340 1103 1423; baseline 0.009 -23"><span class='ocrx_word' id='word_1_87' title='bbox 434 1376 437 1380; x_wconf 27' lang='grc' dir='ltr'><strong><em>ι</em></strong></span> <span class='ocrx_word' id='word_1_88' title='bbox 489 1341 603 1422; x_wconf 87' lang='lat' dir='ltr'>Vester,</span> <span class='ocrx_word' id='word_1_89' title='bbox 627 1343 654 1401; x_wconf 93' lang='lat' dir='ltr'>si</span> <span class='ocrx_word' id='word_1_90' title='bbox 677 1361 758 1423; x_wconf 90' lang='lat' dir='ltr'>suus,</span> <span class='ocrx_word' id='word_1_91' title='bbox 781 1341 887 1403; x_wconf 92' lang='lat' dir='ltr'>lanus</span> <span class='ocrx_word' id='word_1_92' title='bbox 911 1340 1103 1407; x_wconf 73' lang='lat' dir='ltr'>Gruterus</span> 
     </span>
    </p>
   </div>
   <div class='ocr_carea' id='block_1_4' title="bbox 123 1568 1147 3347">
    <p class='ocr_par' dir='ltr' id='par_1_4' title="bbox 125 1568 1144 1746">
     <span class='ocr_line' id='line_1_14' title="bbox 125 1568 1144 1656; baseline 0.001 -18"><span class='ocrx_word' id='word_1_93' title='bbox 125 1569 175 1639; x_wconf 78' lang='lat'>52.</span> <span class='ocrx_word' id='word_1_94' title='bbox 205 1570 304 1638; x_wconf 86' lang='lat' dir='ltr'>lanus</span> <span class='ocrx_word' id='word_1_95' title='bbox 330 1568 491 1639; x_wconf 79' lang='lat' dir='ltr'>Gruterus</span> <span class='ocrx_word' id='word_1_96' title='bbox 515 1568 659 1654; x_wconf 88' lang='lat' dir='ltr'>Scipioni</span> <span class='ocrx_word' id='word_1_97' title='bbox 678 1568 810 1656; x_wconf 75' lang='lat' dir='ltr'>(lentili,</span> <span class='ocrx_word' id='word_1_98' title='bbox 834 1569 986 1640; x_wconf 82' lang='lat' dir='ltr'>dunrado</span> <span class='ocrx_word' id='word_1_99' title='bbox 1004 1572 1144 1641; x_wconf 64' lang='grc'><strong>11111111-</strong></span> 
     </span>
     <span class='ocr_line' id='line_1_15' title="bbox 507 1657 755 1746; baseline 0.004 -22"><span class='ocrx_word' id='word_1_100' title='bbox 507 1658 602 1726; x_wconf 90' lang='lat' dir='ltr'>busio</span> <span class='ocrx_word' id='word_1_101' title='bbox 626 1657 687 1726; x_wconf 86' lang='lat' dir='ltr'>sal.</span> <span class='ocrx_word' id='word_1_102' title='bbox 710 1658 755 1746; x_wconf 85' lang='lat' dir='ltr'>pl.</span> 
     </span>
    </p>

    <p class='ocr_par' dir='ltr' id='par_1_5' title="bbox 123 1746 1144 1818">
     <span class='ocr_line' id='line_1_16' title="bbox 123 1746 1144 1818; baseline 0.001 -16"><span class='ocrx_word' id='word_1_103' title='bbox 123 1746 390 1816; x_wconf 82' lang='lat' dir='ltr'>Heidelbergae.</span> <span class='ocrx_word' id='word_1_104' title='bbox 896 1750 937 1803; x_wconf 86' lang='lat'>18.</span> <span class='ocrx_word' id='word_1_105' title='bbox 955 1746 1048 1818; x_wconf 89' lang='lat' dir='ltr'>April.</span> <span class='ocrx_word' id='word_1_106' title='bbox 1070 1752 1144 1804; x_wconf 81' lang='lat'><strong>1601.</strong></span> 
     </span>
    </p>

    <p class='ocr_par' dir='ltr' id='par_1_6' title="bbox 126 1840 1147 3347">
     <span class='ocr_line' id='line_1_17' title="bbox 191 1840 1145 1923; baseline 0.002 -21"><span class='ocrx_word' id='word_1_107' title='bbox 191 1842 230 1903; x_wconf 87' lang='lat' dir='ltr'>Et</span> <span class='ocrx_word' id='word_1_108' title='bbox 253 1845 378 1903; x_wconf 91' lang='lat' dir='ltr'>iunctim</span> <span class='ocrx_word' id='word_1_109' title='bbox 403 1841 524 1920; x_wconf 91' lang='lat' dir='ltr'>quidem</span> <span class='ocrx_word' id='word_1_110' title='bbox 547 1840 705 1923; x_wconf 91' lang='lat' dir='ltr'>compello,</span> <span class='ocrx_word' id='word_1_111' title='bbox 732 1859 793 1902; x_wconf 95' lang='lat' dir='ltr'>non</span> <span class='ocrx_word' id='word_1_112' title='bbox 819 1849 853 1902; x_wconf 93' lang='lat' dir='ltr'>ut</span> <span class='ocrx_word' id='word_1_113' title='bbox 880 1844 981 1903; x_wconf 90' lang='lat' dir='ltr'>statim</span> <span class='ocrx_word' id='word_1_114' title='bbox 1005 1844 1145 1923; x_wconf 82' lang='lat' dir='ltr'>expediar</span> 
     </span>
     <span class='ocr_line' id='line_1_18' title="bbox 127 1929 1144 2012; baseline 0.001 -21"><span class='ocrx_word' id='word_1_115' title='bbox 127 1939 158 1992; x_wconf 94' lang='lat' dir='ltr'>et</span> <span class='ocrx_word' id='word_1_116' title='bbox 180 1931 254 1991; x_wconf 92' lang='lat' dir='ltr'>duos</span> <span class='ocrx_word' id='word_1_117' title='bbox 278 1929 369 1991; x_wconf 89' lang='lat' dir='ltr'>veluti</span> <span class='ocrx_word' id='word_1_118' title='bbox 392 1949 452 1991; x_wconf 91' lang='lat' dir='ltr'>una</span> <span class='ocrx_word' id='word_1_119' title='bbox 470 1930 568 1991; x_wconf 84' lang='lat' dir='ltr'>fidelia</span> <span class='ocrx_word' id='word_1_120' title='bbox 586 1932 726 2012; x_wconf 90' lang='lat' dir='ltr'>parietes,</span> <span class='ocrx_word' id='word_1_121' title='bbox 748 1930 842 1992; x_wconf 88' lang='lat' dir='ltr'>multo</span> <span class='ocrx_word' id='word_1_122' title='bbox 860 1933 970 2012; x_wconf 92' lang='lat' dir='ltr'>minus,</span> <span class='ocrx_word' id='word_1_123' title='bbox 995 1933 1077 2012; x_wconf 94' lang='lat' dir='ltr'>quod</span> <span class='ocrx_word' id='word_1_124' title='bbox 1096 1951 1144 1992; x_wconf 90' lang='lat' dir='ltr'>vos</span> 
     </span>
     <span class='ocr_line' id='line_1_19' title="bbox 126 2018 1144 2102; baseline 0.002 -22"><span class='ocrx_word' id='word_1_125' title='bbox 126 2023 168 2080; x_wconf 93' lang='lat' dir='ltr'>ita</span> <span class='ocrx_word' id='word_1_126' title='bbox 190 2018 266 2079; x_wconf 90' lang='lat' dir='ltr'>mihi</span> <span class='ocrx_word' id='word_1_127' title='bbox 288 2019 374 2102; x_wconf 90' lang='lat' dir='ltr'>viles,</span> <span class='ocrx_word' id='word_1_128' title='bbox 403 2039 475 2081; x_wconf 92' lang='lat' dir='ltr'>auro</span> <span class='ocrx_word' id='word_1_129' title='bbox 499 2021 581 2079; x_wconf 94' lang='lat' dir='ltr'>omni</span> <span class='ocrx_word' id='word_1_130' title='bbox 604 2038 637 2080; x_wconf 91' lang='lat' dir='ltr'>ac</span> <span class='ocrx_word' id='word_1_131' title='bbox 661 2022 785 2098; x_wconf 86' lang='lat' dir='ltr'>gemmis</span> <span class='ocrx_word' id='word_1_132' title='bbox 809 2021 954 2102; x_wconf 87' lang='lat' dir='ltr'>cariores,</span> <span class='ocrx_word' id='word_1_133' title='bbox 985 2021 1039 2082; x_wconf 89' lang='lat' dir='ltr'>sed</span> <span class='ocrx_word' id='word_1_134' title='bbox 1069 2021 1144 2101; x_wconf 92' lang='lat' dir='ltr'>quod</span> 
     </span>
     <span class='ocr_line' id='line_1_20' title="bbox 126 2107 1144 2191; baseline 0.004 -23"><span class='ocrx_word' id='word_1_135' title='bbox 126 2107 212 2169; x_wconf 90' lang='lat' dir='ltr'>aliter</span> <span class='ocrx_word' id='word_1_136' title='bbox 234 2115 413 2188; x_wconf 89' lang='lat' dir='ltr'>peccaturus</span> <span class='ocrx_word' id='word_1_137' title='bbox 437 2109 539 2169; x_wconf 90' lang='lat' dir='ltr'>videar</span> <span class='ocrx_word' id='word_1_138' title='bbox 561 2111 593 2170; x_wconf 93' lang='lat' dir='ltr'>in</span> <span class='ocrx_word' id='word_1_139' title='bbox 611 2111 809 2170; x_wconf 86' lang='lat' dir='ltr'>arctissimam</span> <span class='ocrx_word' id='word_1_140' title='bbox 827 2115 957 2170; x_wconf 90' lang='lat' dir='ltr'>vestram</span> <span class='ocrx_word' id='word_1_141' title='bbox 976 2112 1144 2191; x_wconf 87' lang='lat' dir='ltr'>amicitiam,</span> 
     </span>
     <span class='ocr_line' id='line_1_21' title="bbox 127 2197 1144 2281; baseline 0.001 -23"><span class='ocrx_word' id='word_1_142' title='bbox 127 2217 201 2279; x_wconf 88' lang='lat' dir='ltr'>quae</span> <span class='ocrx_word' id='word_1_143' title='bbox 220 2216 272 2258; x_wconf 88' lang='lat' dir='ltr'>ros</span> <span class='ocrx_word' id='word_1_144' title='bbox 291 2199 332 2258; x_wconf 92' lang='lat' dir='ltr'>ita</span> <span class='ocrx_word' id='word_1_145' title='bbox 350 2198 505 2279; x_wconf 91' lang='lat' dir='ltr'>implicuit,</span> <span class='ocrx_word' id='word_1_146' title='bbox 525 2197 737 2277; x_wconf 82' lang='lat' dir='ltr'>conglutinavit</span> <span class='ocrx_word' id='word_1_147' title='bbox 755 2200 999 2281; x_wconf 89' lang='lat' dir='ltr'>permiscuitque,</span> <span class='ocrx_word' id='word_1_148' title='bbox 1020 2208 1056 2260; x_wconf 90' lang='lat' dir='ltr'>ut</span> <span class='ocrx_word' id='word_1_149' title='bbox 1075 2199 1144 2261; x_wconf 88' lang='lat' dir='ltr'>alter</span> 
     </span>
     <span class='ocr_line' id='line_1_22' title="bbox 126 2286 1144 2369; baseline -0.001 -20"><span class='ocrx_word' id='word_1_150' title='bbox 126 2289 203 2349; x_wconf 92' lang='lat' dir='ltr'>adiri</span> <span class='ocrx_word' id='word_1_151' title='bbox 225 2305 285 2351; x_wconf 93' lang='lat' dir='ltr'>non</span> <span class='ocrx_word' id='word_1_152' title='bbox 308 2289 405 2367; x_wconf 88' lang='lat' dir='ltr'>possit</span> <span class='ocrx_word' id='word_1_153' title='bbox 428 2289 492 2348; x_wconf 91' lang='lat' dir='ltr'>sine</span> <span class='ocrx_word' id='word_1_154' title='bbox 512 2287 613 2348; x_wconf 86' lang='lat' dir='ltr'>altero.</span> <span class='ocrx_word' id='word_1_155' title='bbox 645 2286 756 2348; x_wconf 86' lang='lat' dir='ltr'>Mensis</span> <span class='ocrx_word' id='word_1_156' title='bbox 780 2295 826 2348; x_wconf 91' lang='lat' dir='ltr'>est</span> <span class='ocrx_word' id='word_1_157' title='bbox 848 2294 878 2348; x_wconf 88' lang='lat' dir='ltr'>et</span> <span class='ocrx_word' id='word_1_158' title='bbox 897 2287 1025 2367; x_wconf 91' lang='lat' dir='ltr'>amplius</span> <span class='ocrx_word' id='word_1_159' title='bbox 1044 2289 1144 2369; x_wconf 89' lang='lat' dir='ltr'>multo,</span> 
     </span>
     <span class='ocr_line' id='line_1_23' title="bbox 127 2375 1144 2457; baseline 0.001 -19"><span class='ocrx_word' id='word_1_160' title='bbox 127 2377 206 2457; x_wconf 94' lang='lat' dir='ltr'>quod</span> <span class='ocrx_word' id='word_1_161' title='bbox 230 2396 298 2438; x_wconf 85' lang='lat' dir='ltr'>enm</span> <span class='ocrx_word' id='word_1_162' title='bbox 321 2375 475 2437; x_wconf 88' lang='lat' dir='ltr'>tabellario</span> <span class='ocrx_word' id='word_1_163' title='bbox 494 2383 631 2457; x_wconf 83' lang='lat' dir='ltr'>vestrate,</span> <span class='ocrx_word' id='word_1_164' title='bbox 655 2379 707 2456; x_wconf 94' lang='lat' dir='ltr'>qui</span> <span class='ocrx_word' id='word_1_165' title='bbox 724 2377 792 2437; x_wconf 88' lang='lat' dir='ltr'>heic</span> <span class='ocrx_word' id='word_1_166' title='bbox 810 2379 889 2437; x_wconf 92' lang='lat' dir='ltr'>iusto</span> <span class='ocrx_word' id='word_1_167' title='bbox 907 2377 1022 2438; x_wconf 89' lang='lat' dir='ltr'>diutius</span> <span class='ocrx_word' id='word_1_168' title='bbox 1042 2377 1144 2457; x_wconf 88' lang='lat' dir='ltr'>haesit,</span> 
     </span>
     <span class='ocr_line' id='line_1_24' title="bbox 127 2465 1144 2548; baseline 0 -22"><span class='ocrx_word' id='word_1_169' title='bbox 127 2465 291 2526; x_wconf 82' lang='lat' dir='ltr'>scriberem</span> <span class='ocrx_word' id='word_1_170' title='bbox 314 2465 399 2526; x_wconf 86' lang='lat' dir='ltr'>robis</span> <span class='ocrx_word' id='word_1_171' title='bbox 422 2483 471 2526; x_wconf 91' lang='lat' dir='ltr'>res</span> <span class='ocrx_word' id='word_1_172' title='bbox 494 2484 576 2526; x_wconf 91' lang='lat' dir='ltr'>meas</span> <span class='ocrx_word' id='word_1_173' title='bbox 603 2465 679 2526; x_wconf 90' lang='lat' dir='ltr'>inibi</span> <span class='ocrx_word' id='word_1_174' title='bbox 702 2483 782 2548; x_wconf 89' lang='lat' dir='ltr'>esse,</span> <span class='ocrx_word' id='word_1_175' title='bbox 814 2472 848 2527; x_wconf 89' lang='lat' dir='ltr'>ut</span> <span class='ocrx_word' id='word_1_176' title='bbox 875 2468 986 2527; x_wconf 91' lang='lat' dir='ltr'>iterum</span> <span class='ocrx_word' id='word_1_177' title='bbox 1013 2465 1144 2546; x_wconf 87' lang='lat' dir='ltr'>nuptiale</span> 
     </span>
     <span class='ocr_line' id='line_1_25' title="bbox 127 2552 1144 2642; baseline 0.004 -29"><span class='ocrx_word' id='word_1_178' title='bbox 127 2552 201 2613; x_wconf 94' lang='lat' dir='ltr'>illud</span> <span class='ocrx_word' id='word_1_179' title='bbox 224 2572 305 2642; x_wconf 65' lang='lat' dir='ltr'>mare</span> <span class='ocrx_word' id='word_1_180' title='bbox 333 2561 488 2615; x_wconf 89' lang='lat' dir='ltr'>tentarem.</span> <span class='ocrx_word' id='word_1_181' title='bbox 534 2554 572 2615; x_wconf 89' lang='lat' dir='ltr'>Et</span> <span class='ocrx_word' id='word_1_182' title='bbox 594 2556 634 2615; x_wconf 94' lang='lat' dir='ltr'>ita</span> <span class='ocrx_word' id='word_1_183' title='bbox 663 2572 733 2614; x_wconf 88' lang='lat' dir='ltr'>sane</span> <span class='ocrx_word' id='word_1_184' title='bbox 760 2562 815 2615; x_wconf 89' lang='lat' dir='ltr'>est.</span> <span class='ocrx_word' id='word_1_185' title='bbox 860 2553 962 2634; x_wconf 89' lang='lat' dir='ltr'>ltaque</span> <span class='ocrx_word' id='word_1_186' title='bbox 986 2562 1021 2617; x_wconf 82' lang='lat' dir='ltr'>ut</span> <span class='ocrx_word' id='word_1_187' title='bbox 1043 2556 1144 2636; x_wconf 87' lang='lat' dir='ltr'>paucis</span> 
     </span>
     <span class='ocr_line' id='line_1_26' title="bbox 127 2641 1144 2725; baseline 0.005 -24"><span class='ocrx_word' id='word_1_188' title='bbox 127 2641 220 2702; x_wconf 90' lang='lat' dir='ltr'>multa</span> <span class='ocrx_word' id='word_1_189' title='bbox 247 2641 357 2703; x_wconf 91' lang='lat' dir='ltr'>dicam:</span> <span class='ocrx_word' id='word_1_190' title='bbox 390 2661 444 2722; x_wconf 83' lang='lat' dir='ltr'>ego</span> <span class='ocrx_word' id='word_1_191' title='bbox 473 2651 503 2704; x_wconf 91' lang='lat' dir='ltr'>et</span> <span class='ocrx_word' id='word_1_192' title='bbox 526 2662 633 2722; x_wconf 91' lang='lat' dir='ltr'>sponsa</span> <span class='ocrx_word' id='word_1_193' title='bbox 660 2662 727 2704; x_wconf 92' lang='lat' dir='ltr'>mea</span> <span class='ocrx_word' id='word_1_194' title='bbox 749 2661 802 2703; x_wconf 92' lang='lat' dir='ltr'>vos</span> <span class='ocrx_word' id='word_1_195' title='bbox 831 2645 863 2703; x_wconf 93' lang='lat' dir='ltr'>in</span> <span class='ocrx_word' id='word_1_196' title='bbox 887 2647 1000 2723; x_wconf 90' lang='lat' dir='ltr'>optima</span> <span class='ocrx_word' id='word_1_197' title='bbox 1021 2661 1144 2725; x_wconf 89' lang='lat' dir='ltr'>prorsus</span> 
     </span>
     <span class='ocr_line' id='line_1_27' title="bbox 127 2730 1144 2811; baseline 0.005 -19"><span class='ocrx_word' id='word_1_198' title='bbox 127 2732 222 2792; x_wconf 86' lang='lat' dir='ltr'>forma</span> <span class='ocrx_word' id='word_1_199' title='bbox 245 2733 372 2792; x_wconf 91' lang='lat' dir='ltr'>invitant</span> <span class='ocrx_word' id='word_1_200' title='bbox 395 2730 586 2811; x_wconf 91' lang='lat' dir='ltr'>alliciuntque</span> <span class='ocrx_word' id='word_1_201' title='bbox 606 2732 641 2792; x_wconf 93' lang='lat' dir='ltr'>ad</span> <span class='ocrx_word' id='word_1_202' title='bbox 661 2733 741 2792; x_wconf 90' lang='lat' dir='ltr'>diem</span> <span class='ocrx_word' id='word_1_203' title='bbox 759 2731 841 2793; x_wconf 89' lang='lat' dir='ltr'>illam</span> <span class='ocrx_word' id='word_1_204' title='bbox 858 2739 993 2793; x_wconf 91' lang='lat' dir='ltr'>nostram</span> <span class='ocrx_word' id='word_1_205' title='bbox 1012 2734 1144 2796; x_wconf 85' lang='lat' dir='ltr'>decreto·</span> 
     </span>
     <span class='ocr_line' id='line_1_28' title="bbox 127 2815 1144 2903; baseline 0.004 -22"><span class='ocrx_word' id='word_1_206' title='bbox 127 2823 203 2881; x_wconf 93' lang='lat' dir='ltr'>riam</span> <span class='ocrx_word' id='word_1_207' title='bbox 221 2820 282 2882; x_wconf 90' lang='lat' dir='ltr'>llll.</span> <span class='ocrx_word' id='word_1_208' title='bbox 300 2815 424 2902; x_wconf 73' lang='lat' dir='ltr'>ldaii³³³,</span> <span class='ocrx_word' id='word_1_209' title='bbox 447 2824 492 2882; x_wconf 93' lang='lat' dir='ltr'>nti</span> <span class='ocrx_word' id='word_1_210' title='bbox 510 2829 581 2882; x_wconf 93' lang='lat' dir='ltr'>tunc</span> <span class='ocrx_word' id='word_1_211' title='bbox 599 2821 764 2900; x_wconf 84' lang='lat' dir='ltr'>dignemini</span> <span class='ocrx_word' id='word_1_212' title='bbox 785 2839 840 2901; x_wconf 93' lang='lat' dir='ltr'>pro</span> <span class='ocrx_word' id='word_1_213' title='bbox 860 2840 904 2903; x_wconf 89' lang='lat' dir='ltr'>ea,</span> <span class='ocrx_word' id='word_1_214' title='bbox 923 2840 982 2901; x_wconf 91' lang='lat' dir='ltr'>qua</span> <span class='ocrx_word' id='word_1_215' title='bbox 1000 2841 1050 2885; x_wconf 90' lang='lat' dir='ltr'>me</span> <span class='ocrx_word' id='word_1_216' title='bbox 1069 2822 1144 2885; x_wconf 85' lang='lat' dir='ltr'>ultro</span> 
     </span>
     <span class='ocr_line' id='line_1_29' title="bbox 128 2910 1146 2991; baseline 0.001 -20"><span class='ocrx_word' id='word_1_217' title='bbox 128 2910 361 2990; x_wconf 91' lang='lat' dir='ltr'>complectimini</span> <span class='ocrx_word' id='word_1_218' title='bbox 383 2910 599 2991; x_wconf 89' lang='lat' dir='ltr'>benevolentia,</span> <span class='ocrx_word' id='word_1_219' title='bbox 629 2929 729 2971; x_wconf 85' lang='lat' dir='ltr'>coram</span> <span class='ocrx_word' id='word_1_220' title='bbox 752 2910 947 2972; x_wconf 87' lang='lat' dir='ltr'>cohonestare</span> <span class='ocrx_word' id='word_1_221' title='bbox 969 2929 1026 2972; x_wconf 94' lang='lat' dir='ltr'>nos</span> <span class='ocrx_word' id='word_1_222' title='bbox 1052 2919 1146 2974; x_wconf 88' lang='lat' dir='ltr'>vestra</span> 
     </span>
     <span class='ocr_line' id='line_1_30' title="bbox 128 2998 1145 3082; baseline 0.003 -22"><span class='ocrx_word' id='word_1_223' title='bbox 128 3000 296 3061; x_wconf 88' lang='lat' dir='ltr'>desiderata</span> <span class='ocrx_word' id='word_1_224' title='bbox 317 3002 494 3080; x_wconf 82' lang='lat' dir='ltr'>praesentia.</span> <span class='ocrx_word' id='word_1_225' title='bbox 541 2998 625 3070; x_wconf 86' lang='lat' dir='ltr'>Quod</span> <span class='ocrx_word' id='word_1_226' title='bbox 650 3002 676 3059; x_wconf 93' lang='lat' dir='ltr'>si</span> <span class='ocrx_word' id='word_1_227' title='bbox 698 2999 775 3060; x_wconf 91' lang='lat' dir='ltr'>ullae</span> <span class='ocrx_word' id='word_1_228' title='bbox 802 3017 951 3082; x_wconf 91' lang='lat' dir='ltr'>remorae,</span> <span class='ocrx_word' id='word_1_229' title='bbox 980 3002 1064 3080; x_wconf 91' lang='lat' dir='ltr'>quod</span> <span class='ocrx_word' id='word_1_230' title='bbox 1089 3018 1145 3064; x_wconf 90' lang='lat' dir='ltr'>non</span> 
     </span>
     <span class='ocr_line' id='line_1_31' title="bbox 128 3090 1146 3170; baseline 0.003 -21"><span class='ocrx_word' id='word_1_231' title='bbox 128 3096 190 3149; x_wconf 88' lang='lat' dir='ltr'>tam</span> <span class='ocrx_word' id='word_1_232' title='bbox 213 3107 301 3170; x_wconf 90' lang='lat' dir='ltr'>spero</span> <span class='ocrx_word' id='word_1_233' title='bbox 321 3108 410 3170; x_wconf 92' lang='lat' dir='ltr'>quam</span> <span class='ocrx_word' id='word_1_234' title='bbox 427 3096 537 3170; x_wconf 83' lang='lat' dir='ltr'>metuo,</span> <span class='ocrx_word' id='word_1_235' title='bbox 560 3090 775 3150; x_wconf 87' lang='lat' dir='ltr'>intervenerint</span> <span class='ocrx_word' id='word_1_236' title='bbox 795 3090 839 3150; x_wconf 90' lang='lat' dir='ltr'>sic</span> <span class='ocrx_word' id='word_1_237' title='bbox 857 3107 977 3169; x_wconf 82' lang='lat' dir='ltr'>quoqne</span> <span class='ocrx_word' id='word_1_238' title='bbox 995 3109 1034 3153; x_wconf 86' lang='lat' dir='ltr'>ex</span> <span class='ocrx_word' id='word_1_239' title='bbox 1053 3098 1146 3154; x_wconf 88' lang='lat' dir='ltr'>trans·</span> 
     </span>
     <span class='ocr_line' id='line_1_32' title="bbox 128 3178 1147 3264; baseline 0.004 -28"><span class='ocrx_word' id='word_1_240' title='bbox 128 3195 224 3258; x_wconf 87' lang='lat' dir='ltr'>verso,</span> <span class='ocrx_word' id='word_1_241' title='bbox 252 3186 281 3240; x_wconf 92' lang='lat' dir='ltr'>at</span> <span class='ocrx_word' id='word_1_242' title='bbox 303 3178 360 3239; x_wconf 90' lang='lat' dir='ltr'>boc</span> <span class='ocrx_word' id='word_1_243' title='bbox 388 3196 458 3239; x_wconf 93' lang='lat' dir='ltr'>sane</span> <span class='ocrx_word' id='word_1_244' title='bbox 485 3196 698 3257; x_wconf 87' lang='lat' dir='ltr'>usquequaque</span> <span class='ocrx_word' id='word_1_245' title='bbox 726 3180 920 3257; x_wconf 91' lang='lat' dir='ltr'>impetremus</span> <span class='ocrx_word' id='word_1_246' title='bbox 945 3197 961 3238; x_wconf 96' lang='lat' dir='ltr'>a</span> <span class='ocrx_word' id='word_1_247' title='bbox 985 3179 1087 3264; x_wconf 90' lang='lat' dir='ltr'>vobis,</span> <span class='ocrx_word' id='word_1_248' title='bbox 1116 3186 1147 3242; x_wconf 89' lang='lat' dir='ltr'>ut</span> 
     </span>
     <span class='ocr_line' id='line_1_33' title="bbox 129 3264 1147 3347; baseline 0.01 -25"><span class='ocrx_word' id='word_1_249' title='bbox 129 3266 256 3326; x_wconf 88' lang='lat' dir='ltr'>vicarios</span> <span class='ocrx_word' id='word_1_250' title='bbox 279 3275 394 3328; x_wconf 92' lang='lat' dir='ltr'>vestros</span> <span class='ocrx_word' id='word_1_251' title='bbox 413 3266 564 3347; x_wconf 85' lang='lat' dir='ltr'>ablegetis</span> <span class='ocrx_word' id='word_1_252' title='bbox 598 3266 669 3327; x_wconf 89' lang='lat' dir='ltr'>Scin</span> <span class='ocrx_word' id='word_1_253' title='bbox 688 3264 785 3347; x_wconf 79' lang='lat' dir='ltr'>quos?</span> <span class='ocrx_word' id='word_1_254' title='bbox 808 3265 944 3347; x_wconf 90' lang='lat' dir='ltr'>Optimos</span> <span class='ocrx_word' id='word_1_255' title='bbox 961 3271 1111 3332; x_wconf 86' lang='lat' dir='ltr'>maximos</span> <span class='ocrx_word' id='word_1_256' title='bbox 1131 3287 1147 3331; x_wconf 87' lang='lat' dir='ltr'>a</span> 
     </span>
    </p>
   </div>
   <div class='ocr_carea' id='block_1_5' title="bbox 99 3350 1155 3623">
    <p class='ocr_par' dir='ltr' id='par_1_7' title="bbox 99 3350 1155 3623">
     <span class='ocr_line' id='line_1_34' title="bbox 129 3350 1149 3440; baseline 0.009 -28"><span class='ocrx_word' id='word_1_257' title='bbox 129 3350 223 3413; x_wconf 85' lang='lat' dir='ltr'>llusis</span> <span class='ocrx_word' id='word_1_258' title='bbox 251 3360 281 3415; x_wconf 90' lang='lat' dir='ltr'>et</span> <span class='ocrx_word' id='word_1_259' title='bbox 308 3353 418 3416; x_wconf 84' lang='lat' dir='ltr'>Gratiis</span> <span class='ocrx_word' id='word_1_260' title='bbox 446 3357 539 3418; x_wconf 82' lang='lat' dir='ltr'>factos</span> <span class='ocrx_word' id='word_1_261' title='bbox 567 3357 724 3435; x_wconf 86' lang='lat' dir='ltr'>fictosque:</span> <span class='ocrx_word' id='word_1_262' title='bbox 756 3356 990 3440; x_wconf 83' lang='lat' dir='ltr'>Epigrammata,</span> <span class='ocrx_word' id='word_1_263' title='bbox 1017 3361 1149 3440; x_wconf 85' lang='lat' dir='ltr'>inquam,</span> 
     </span>
     <span class='ocr_line' id='line_1_35' title="bbox 126 3445 1148 3529; baseline 0.013 -30"><span class='ocrx_word' id='word_1_264' title='bbox 126 3447 230 3524; x_wconf 69' lang='lat' dir='ltr'>vestra</span> <span class='ocrx_word' id='word_1_265' title='bbox 255 3461 333 3524; x_wconf 89' lang='lat' dir='ltr'>quae</span> <span class='ocrx_word' id='word_1_266' title='bbox 352 3446 414 3508; x_wconf 89' lang='lat' dir='ltr'>oris</span> <span class='ocrx_word' id='word_1_267' title='bbox 433 3447 536 3529; x_wconf 89' lang='lat' dir='ltr'>vestri,</span> <span class='ocrx_word' id='word_1_268' title='bbox 558 3447 649 3507; x_wconf 92' lang='lat' dir='ltr'>immo</span> <span class='ocrx_word' id='word_1_269' title='bbox 666 3445 769 3507; x_wconf 85' lang='lat' dir='ltr'>hercle</span> <span class='ocrx_word' id='word_1_270' title='bbox 785 3448 879 3524; x_wconf 72' lang='lat' dir='ltr'>magis</span> <span class='ocrx_word' id='word_1_271' title='bbox 894 3450 1026 3525; x_wconf 88' lang='lat' dir='ltr'>pectoris</span> <span class='ocrx_word' id='word_1_272' title='bbox 1047 3450 1148 3529; x_wconf 81' lang='lat' dir='ltr'>imagi·</span> 
     </span>
     <span class='ocr_line' id='line_1_36' title="bbox 99 3533 1155 3623; baseline 0.009 -35"><span class='ocrx_word' id='word_1_273' title='bbox 99 3544 177 3590; x_wconf 85' lang='lat' dir='ltr'>nem</span> <span class='ocrx_word' id='word_1_274' title='bbox 200 3533 245 3596; x_wconf 89' lang='lat' dir='ltr'>ad</span> <span class='ocrx_word' id='word_1_275' title='bbox 268 3536 372 3599; x_wconf 89' lang='lat' dir='ltr'>vivum</span> <span class='ocrx_word' id='word_1_276' title='bbox 397 3544 648 3623; x_wconf 83' lang='lat' dir='ltr'>repraesentent,</span> <span class='ocrx_word' id='word_1_277' title='bbox 668 3535 768 3598; x_wconf 80' lang='lat' dir='ltr'>veluti</span> <span class='ocrx_word' id='word_1_278' title='bbox 787 3537 818 3595; x_wconf 83' lang='lat' dir='ltr'>si</span> <span class='ocrx_word' id='word_1_279' title='bbox 834 3533 940 3594; x_wconf 75' lang='lat' dir='ltr'>talama</span> <span class='ocrx_word' id='word_1_280' title='bbox 953 3537 1155 3597; x_wconf 70' lang='lat' dir='ltr'>esssmixnuis</span> 
     </span>
    </p>
   </div>
   <div class='ocr_carea' id='block_1_6' title="bbox 0 0 1198 3840">
    <p class='ocr_par' dir='ltr' id='par_1_8' title="bbox 0 0 1198 3840">
     <span class='ocr_line' id='line_1_37' title="bbox 0 0 1198 3840; baseline 0 0"><span class='ocrx_word' id='word_1_281' title='bbox 0 0 1198 3840; x_wconf 95' lang='lat' dir='ltr'> </span> 
     </span>
    </p>
   </div>
  </div>
 </body>
</html>
