2370 3840
465 169 669 225 Adnotationes
1013 173 1078 238 173

57 303 1079 442 1331131113131333331311131333

57 424 194 507 editionis
214 452 331 507 alterius
351 470 375 508 a.
394 401 525 508 1616Ρ1ξ1
536 454 639 509 litteris
654 457 686 521 T.
700 457 730 511 B.
745 404 861 513 iaciiiitis.
887 406 906 441 n
935 431 1078 514 313101-

59 527 138 578 tasse
161 523 247 578 Mioh,
270 524 446 594 Virdungus,
476 525 555 580 cuius
584 530 649 581 sunt
668 528 859 598 ‘Tragoediae
886 547 978 584 novae
1007 531 1080 584 duae

60 594 131 650 Saul
154 597 184 649 et
206 596 322 664 Brutus,
351 613 470 664 quarum
497 597 574 666 prior
601 615 635 652 ex
662 599 783 653 historia
809 617 901 668 sacra,
931 601 1022 655 altera
1046 619 1079 656 ex

58 667 98 721 M.
123 665 205 720 Bruti
231 666 293 720 vita
322 667 398 736 apud
425 667 609 722 Plutarchum
636 670 787 740 praecipue
816 671 953 727 desumta.
972 698 975 703 ·
995 673 1079 727 Ienae

59 737 138 808 typis
162 738 231 794 Tob.
251 737 428 792 Steinmanni
452 740 546 808 1596',
577 741 653 810 apud
675 741 796 811 Apinum
819 742 849 795 in
871 743 938 797 vitis
961 743 1079 813 profess.

61 809 165 879 philos.
188 809 289 864 Altorf.
313 829 340 879 p.
361 815 412 863 113
440 810 588 879 laudatae,
617 829 691 880 quae
717 814 869 867 secundum
893 813 1023 868 Willium
1041 802 1081 867 IV

60 899 87 950 p.
109 886 143 934 92
166 898 224 935 una
247 898 311 935 curn
334 881 454 937 Caesare
479 882 584 936 Mureti
606 886 636 937 et
654 884 791 952 Thrasea,
816 885 852 938 de
875 903 931 954 qua
953 904 980 940 v.
1000 885 1079 941 Conr.

62 951 246 1006 Rittershusii
271 952 352 1023 epist.
376 953 429 1008 Ios.
454 954 598 1023 Scaligero
625 955 742 1008 missam
769 956 825 1011 Alt.
851 962 892 1010 27,
913 957 985 1027 Aug.
1011 963 1079 1010 1602

63 1022 103 1092 (in
122 1023 276 1077 Burmanni
301 1024 409 1093 sylloge
428 1024 453 1077 ll
476 1044 503 1094 p.
518 1029 581 1095 333)
605 1028 635 1079 11
651 1026 853 1081 Reifferscheid
871 1046 897 1097 p.
914 1033 978 1096 688,
1003 1027 1081 1082 aliis-

62 1111 118 1163 que
145 1094 219 1150 varii
246 1095 357 1166 generis
380 1096 530 1165 poematiis
549 1096 645 1152 Norib.
667 1103 736 1151 1609
760 1097 862 1152 iterum
887 1098 981 1153 editae
1007 1101 1080 1154 sunt.

62 1165 205 1236 Virdungi
232 1183 343 1236 quoque
371 1183 484 1221 carmen
511 1168 541 1221 in
568 1168 786 1238 inscriptionum
810 1168 930 1240 Corpore
959 1174 1010 1226 est.

64 1235 123 1291 314
136 1237 228 1292 Huius
243 1255 354 1308 quoque
368 1238 543 1308 epigramma
557 1239 588 1292 in
601 1240 819 1309 inscriptionum
834 1241 954 1310 Corpore
968 1241 1080 1312 legitur.

135 1307 194 1364 315
217 1311 295 1364 Inest
319 1309 490 1380 ‘Insignium
506 1355 511 1365 .
528 1354 533 1366 .
549 1313 697 1379 poetarum
719 1310 851 1381 lacrymis
875 1312 905 1365 in
929 1313 1081 1368 obitum..

62 1380 130 1434 Abr.
151 1379 239 1451 Ortelj
256 1424 262 1435 .
278 1382 295 1434 .'
317 1385 352 1450 (v.
374 1381 437 1434 adn.
453 1385 524 1450 300).
586 1381 644 1436 313
664 1381 822 1454 Christoph.
839 1383 952 1438 Colerus
969 1384 1082 1438 Heidel-

64 1451 170 1522 bergae
189 1453 219 1506 in
239 1452 304 1506 albo
324 1452 487 1506 academico
507 1458 547 1508 17.
563 1452 635 1508 Nov.
651 1459 720 1508 1600
735 1454 887 1525 inscriptus
903 1458 946 1509 est
960 1455 1083 1525 (Toepke

64 1522 91 1576 II
110 1527 187 1593 206),
211 1523 260 1577 ubi
285 1541 348 1578 eum
367 1540 468 1576 munus
488 1524 607 1578 docendi
627 1525 783 1595 suscepisse
801 1527 910 1596 Apinus
929 1527 947 1581 l.
963 1543 986 1580 c.
1005 1544 1033 1596 p.
1049 1530 1084 1579 85

64 1610 99 1649 ex
116 1595 293 1663 praefatione
312 1594 469 1663 concludit,
495 1612 579 1663 quarn
600 1595 707 1649 Valerii
725 1596 843 1650 Maximi
866 1597 946 1651 libris
965 1597 1004 1650 IX
1021 1613 1086 1651 cnm

66 1667 300 1722 annotationibus
325 1666 382 1719 suis
402 1668 431 1719 et
449 1665 543 1720 indice
562 1666 669 1736 duplici
687 1667 772 1721 editis
790 1668 939 1737 praemisit
957 1684 1085 1736 quaeque

67 1736 200 1792 Calendis
214 1737 333 1808 Aprilib.
348 1737 553 1809 Heidelbergae
573 1755 597 1793 a.
613 1743 681 1791 1601
703 1738 809 1808 scripta
822 1742 873 1793 est.
902 1738 957 1792 Sed
970 1741 1085 1793 nostrae

68 1809 206 1878 epistolae
233 1809 343 1866 ratione
371 1809 471 1863 habita
494 1826 556 1863 eam
579 1809 784 1878 praefationem
807 1810 910 1864 rectius
933 1809 975 1864 ita
997 1809 1085 1864 inter-

68 1884 225 1949 pretamur,
248 1883 281 1934 ut
300 1879 428 1934 Colerum
447 1879 552 1934 nobilis
570 1879 647 1934 illius
666 1880 795 1950 iuvenis,
811 1898 895 1951 quem
913 1880 1084 1951 adloquitur,

69 1951 126 2008 vid.
151 1951 287 2006 Stanislai
312 1951 453 2006 Zellenski
477 1953 511 2006 de
535 1952 682 2022 Zellanka‚
707 1953 894 2023 inspectorem
921 1952 1009 2007 fuisse
1028 1969 1085 2008 cre-

70 2023 178 2078 damus.
207 2023 240 2078 V.
260 2024 325 2078 adn.
345 2028 406 2078 317.
461 2023 517 2078 311
538 2024 565 2077 11
579 2024 699 2078 fortasse
715 2029 759 2079 est
772 2025 930 2079 Stanislaus
946 2023 1086 2079 Zellenski

71 2093 105 2148 de
132 2094 281 2162 Zellanka,
315 2100 357 2148 24.
381 2094 456 2147 Iunii
484 2100 554 2148 1600
586 2096 616 2148 in
649 2095 714 2149 albo
743 2096 905 2150 academico
934 2096 1085 2166 inscriptus

70 2167 105 2232 (u.
125 2166 239 2236 Toepke
257 2165 284 2218 H
302 2169 373 2234 203),
396 2183 515 2234 quocum
534 2165 622 2219 etiam
640 2169 739 2235 postea
759 2166 888 2221 Colerum
907 2167 1087 2220 coniunctum

70 2236 157 2292 fuisse
181 2254 216 2291 ex
236 2236 414 2307 praefatione
433 2236 525 2291 Coleri
549 2236 685 2306 epistolae
707 2237 744 2290 de
762 2237 856 2291 studio
875 2236 992 2306 polilico
1010 2240 1087 2291 recte

71 2307 245 2363 instituendo
260 2308 388 2377 (Witteb.
409 2313 477 2362 1601
497 2324 624 2376 excusae,
644 2308 797 2361 secundum
810 2308 935 2378 Apinum
947 2327 974 2377 p.
989 2311 1035 2378 87)
1050 2307 1088 2361 ad

72 2379 185 2435 Stanisl.
204 2379 358 2434 Zellenium
369 2377 516 2433 Vitellium
534 2379 569 2433 de
584 2378 725 2434 Zelancka
743 2380 813 2433 data
825 2395 859 2432 ex
872 2378 956 2431 huius
969 2378 1087 2448 praedio

72 2451 222 2506 Lucianieo
249 2450 337 2521 (apud
360 2449 524 2505 Cracoviam
555 2449 619 2520 sito)
644 2456 711 2503 1601
735 2450 807 2520 prid.
832 2448 890 2505 Cal.
912 2449 983 2506 Nov.
1008 2449 1087 2505 colli·

72 2523 155 2592 gitur.
236 2522 293 2577 318
321 2522 466 2592 Intellegit
484 2524 627 2576 oratorum
646 2538 810 2592 graecorum
829 2521 1024 2576 collectionem
1042 2521 1089 2576 vel

72 2595 149 2721 {illd
158 2593 271 2719 liiii?
274 2593 1088 2734 1111511εό11111(1111111-1111181ῗρ1111111111111ξιῖὸῙὲξὲΠὲζῖωείἰ

72 2736 232 2808 Augustani
251 2738 279 2790 et
296 2736 495 2804 bybliothecae
513 2736 628 2790 urbicae
647 2738 746 2805 rector,
767 2755 792 2792 v.
812 2735 932 2806 Aligem.
948 2736 1088 2790 Deutsche

71 2806 166 2880 Biogr.
186 2813 228 2877 13,
248 2813 299 2860 176
307 2810 359 2876 sq.)
377 2807 509 2862 Photium
526 2809 599 2878 Aug.
615 2808 726 2864 Vindel.
744 2813 811 2861 1601
832 2823 932 2878 graece
951 2807 1088 2860 excuden-

71 2878 140 2934 dum
159 2879 281 2946 euravit,
305 2896 389 2947 quem
407 2878 498 2933 latina
517 2879 645 2934 versione
664 2879 832 2933 instructum
851 2878 937 2933 Andr.
957 2877 1089 2932 Schottus

70 2950 305 3020 (Antverpiensis,
325 2955 514 3018 1552-16293
536 2969 561 3005 v.
581 2950 649 3006 ibid.
666 2957 699 3004 32
714 2969 741 3020 p.
757 2955 808 3003 392
819 2967 893 3019 sqq.;
912 2966 969 3003 van
983 2949 1033 3003 der
1045 2950 1090 3002 Aa

69 3028 114 3092 17,
132 3028 146 3075 1
162 3038 190 3091 p.
205 3027 271 3085 459;
290 3021 432 3089 Eckstein‚
450 3021 588 3076 nomenoi.
607 3040 634 3091 p.
650 3019 898 3092 1131117116.
914 3025 983 3074 1606
999 3020 1089 3074 denuo

67 3093 173 3149 edidit.
246 3092 305 3146 320
334 3093 411 3163 Opus
429 3092 576 3146 ineditum.
650 3091 706 3146 321
736 3092 816 3146 Dion.
837 3091 1017 3162 Gothofredo.

65 3165 131 3221 822
152 3163 216 3220 Slve
236 3164 363 3232 symbolo
382 3167 417 3234 (v.
437 3164 560 3233 Flayder
576 3182 603 3233 p.
620 3166 674 3232 79).
701 3162 835 3217 Gruterus
854 3162 884 3216 in
903 3161 985 3232 epist.
1006 3162 1037 3217 G.
1053 3161 1090 3219 M.

64 3233 283 3306 Lingelshemio
297 3236 412 3290 Brettae
431 3241 455 3290 ὁ.
470 3235 569 3289 Martii
584 3241 653 3288 1626
671 3234 776 3304 scripta
790 3235 877 3303 (apud
891 3233 1092 3288 Reifferscheid

65 3323 98 3380 p.
119 3311 196 3377 246);
218 3306 304 3361 ‘Cum
322 3324 412 3361 essem
429 3323 500 3376 puer
518 3324 654 3360 annorum
667 3306 726 3375 XII,
746 3305 877 3376 legebam
893 3305 923 3359 in
937 3304 1093 3376 Hispanico

64 3379 186 3448 fabula,
211 3377 334 3448 equitem
357 3380 500 3433 amantem
523 3378 657 3432 habuisse
680 3395 730 3447 pro
752 3376 892 3445 symbolo:
917 3376 1093 3448 Trabajary

64 3449 168 3507 morin.
201 3451 234 3504 Id
253 3467 305 3521 ego
324 3468 415 3504 rerum
435 3449 559 3504 omnium
577 3449 693 3520 ignarus
713 3448 877 3503 arbitrabar
891 3448 972 3501 mibi
985 3448 1106 3513 egxegxe

66 3521 223 3576 convenire
241 3525 270 3576 et
289 3521 424 3594 usurpavi
444 3521 506 3578 eiua
525 3521 620 3580 vicem
632 3521 725 3579 illude
738 3521 860 3576 babone
874 3519 1028 3574 emona.
1043 3513 1134 3560 m*-
