2370 3840
75 155 119 219 40
509 152 530 208 I.
550 150 664 208 Gruteri

75 305 215 383 nominis,
235 320 310 381 quae
329 304 360 364 iu
379 301 548 380 Principem
567 310 704 362 nostrum
723 300 773 362 ille
792 304 857 381 ipse
876 310 971 384 rates,
989 303 1089 382 quibus

77 401 108 453 et
130 410 185 471 ego
210 391 355 471 quaedam
378 385 595 471 intercinui¹⁸¹,
618 409 707 452 anser
730 394 811 451 inter
834 391 944 453 olores.
981 391 1090 453 Emble

76 488 154 543 mata
183 480 234 541 illa
256 473 432 541 Taurelli¹⁸²
460 482 519 561 tui,
546 482 638 541 immo
661 487 692 541 et
714 481 775 540 mei
798 472 883 562 (nam
906 499 945 542 ex
970 500 1029 561 quo
1049 499 1091 542 mc

78 571 171 632 salute
200 570 403 631 honestiorem
430 569 514 650 lecit,
541 571 573 630 in
601 568 697 630 classe
724 571 847 648 reposui
875 588 998 652 eorum,
1023 589 1092 651 quos

77 679 142 721 amo
162 667 193 721 et
211 652 351 742 aestimo)
371 658 455 718 avide
475 665 599 737 expecto
617 660 771 738 mirorque
790 658 926 720 nondum
940 659 1092 739 publicata.

75 750 157 811 Misit
175 750 249 810 mihi
268 748 387 828 pridem
402 747 548 808 Adrianus
563 747 711 808 Burchius
729 749 846 826 piarum
865 747 1093 812 similitudinum

77 841 258 918 farraginem
267 830 315 918 ¹⁸³,
346 836 458 897 librum
484 835 585 896 hercle
613 836 820 915 pereruditum
848 839 963 918 quique
992 838 1094 900 emble

78 936 191 989 matum
219 928 339 988 nomine
366 928 424 986 rite
452 926 593 1004 insigniri
618 933 729 1004 posset.
774 925 814 987 Ut
839 926 960 1006 pridem
984 929 1094 989 amicis-

80 1020 185 1078 simam
209 1023 290 1077 tuam
313 1014 482 1093 relegebam
501 1013 644 1096 Elegiam,
666 1013 804 1077 veniebat
826 1017 858 1076 in
881 1024 1017 1079 mentem
1035 1024 1096 1098 post
1139 1078 1141 1103 Ι

79 1105 237 1167 Erasmum
267 1107 333 1164 iure
362 1106 469 1164 merito
496 1103 669 1182 ponendum
695 1103 884 1186 Pincianum,
915 1113 1022 1186 utpote
1050 1107 1095 1185 qui
1139 1116 1141 1129 '

82 1195 214 1255 Senecae
243 1192 310 1271 plus
338 1192 410 1253 boni
440 1191 565 1253 contulit
593 1211 682 1272 quam
709 1193 760 1253 alii
788 1210 901 1254 omncs.
947 1195 1051 1275 ltaque
1073 1196 1096 1255 si

82 1283 179 1363 placet
206 1280 312 1342 vellem
341 1299 408 1341 eum
436 1299 564 1360 poneres
592 1283 672 1342 inter
698 1280 856 1343 Erasmum
884 1290 915 1344 et
941 1283 1095 1346 Muretnm.
1121 1349 1124 1354 ,

83 1370 121 1431 Et
148 1389 234 1451 vero,
258 1371 326 1448 quia
349 1369 482 1430 Muretus
505 1372 669 1450 pessimam
691 1388 813 1450 operam
836 1373 868 1432 in
891 1371 1047 1455 poliendo,
1067 1380 1098 1434 nt

68 1468 114 1524 tu
137 1479 234 1541 rocaS,
258 1459 370 1520 Seneca
389 1458 532 1541 adhibuit,
555 1458 653 1540 velim,
676 1462 702 1520 si
720 1478 834 1541 posses,
856 1459 908 1521 illo
926 1460 1097 1522 hexametro

82 1550 216 1612 Pinciani
230 1550 430 1629 meminisses,
449 1555 483 1609 ut
496 1555 611 1609 tantum
626 1548 663 1609 de
677 1548 792 1609 Mureto
807 1557 888 1611 esset
901 1549 962 1612 tale
978 1550 1098 1631 aliquid:

731 1671 816 1734 Notis
859 1693 876 1735 e

264 1763 400 1824 Muretus
424 1769 552 1823 mactum
576 1763 659 1822 misit
681 1763 713 1822 in
736 1779 788 1822 ora
811 1693 917 1824 llumm.

84 1907 229 1976 Quoniam
257 1922 367 1965 nomen
394 1904 520 1983 Hispani
547 1903 627 1965 illius
656 1923 715 1967 non
739 1904 907 1983 ingreditur
929 1908 964 1968 in
987 1926 1100 1989 versus,

83 1996 155 2072 poni
182 1995 306 2071 poterit:
334 1999 421 2054 natus
445 1992 559 2075 Pincia,
586 1992 688 2055 Pincia
717 1997 941 2073 quemgenuit.
989 1997 1101 2058 Sedet

83 2082 136 2142 obi
156 2080 322 2159 digrederis
341 2084 373 2141 in
391 2100 551 2143 recensum
565 2082 730 2164 doctorum,
749 2086 889 2162 quoniam
903 2084 993 2146 facile
1007 2095 1101 2167 potes,

83 2190 143 2232 non
176 2171 362 2232 incommode
390 2170 427 2231 de
455 2170 586 2232 Frehero
615 2165 716 2255 (cuius
743 2175 871 2252 primam
899 2177 1014 2254 corripi
1042 2174 1101 2236 rub

82 2261 235 2342 Melissus,
262 2260 389 2340 produci
416 2253 591 2344 secundam)
623 2268 652 2321 et
674 2260 795 2322 Posthio
818 2261 974 2341 plusculos
997 2282 1102 2326 versus

83 2351 200 2412 leceris
237 2349 322 2421 Quod
346 2352 373 2410 si
396 2349 473 2409 forte
496 2367 556 2411 non
580 2356 634 2430 est,
658 2350 736 2428 quod
760 2351 889 2412 sufficiat
912 2351 949 2412 ad
975 2352 1101 2415 disticha

84 2439 248 2519 implenda,
273 2440 411 2500 adsumas
434 2438 505 2499 licet
527 2440 723 2499 amicissimos
746 2439 821 2500 mihi
844 2440 1036 2504 consiliarios
1059 2445 1101 2503 in-

85 2531 174 2588 timos
193 2526 341 2605 Principis
365 2529 461 2588 nostri
483 2526 745 2608 nobilissimosque
769 2535 800 2589 et
817 2531 937 2609 egregia
956 2530 1103 2613 doctriua,

83 2616 247 2676 Henricum
268 2615 438 2698 Suerinum,
462 2619 515 2696 qui
537 2623 640 2678 contra
659 2616 813 2680 Cuiacium
833 2621 964 2700 scripsit,
988 2628 1019 2682 et
1037 2621 1102 2682 Vol·

84 2705 189 2766 radum
207 2698 384 2786 Plessen¹⁸⁴,
407 2705 558 2766 hominem
582 2705 836 2785 elegantissimum
859 2710 939 2770 circa
957 2728 1009 2771 res
1028 2709 1102 2772 Cha-

82 2798 174 2856 ritum
184 2793 395 2873 Musarumque
410 2802 440 2856 et
455 2794 551 2856 studia
566 2794 747 2875 elegantiora
758 2795 974 2877 callentemquc
984 2798 1103 2879 linguas

84 2884 222 2964 expedite
246 2883 388 2945 Gallicam
411 2883 542 2946 Italicam
564 2883 764 2964 Hispanicam.
806 2885 899 2947 Ambo
923 2895 996 2950 sunt
1018 2907 1102 2951 meae

83 2976 201 3055 aetatis,
230 2991 375 3035 annorum
398 2972 466 3052 plus
489 2975 590 3034 minus
615 2968 711 3036 34¹⁸⁵.
757 2975 859 3056 Vides,
887 2994 977 3055 quam
1005 2979 1103 3060 imm-

84 3063 190 3125 denter
216 3062 273 3124 tibi
299 3071 440 3142 tanquam
467 3063 683 3145 praescribam3
711 3063 763 3124 sed
792 3067 945 3146 ignosces,
974 3085 1044 3128 cum
1072 3067 1103 3129 id

84 3150 190 3211 faciam
221 3170 304 3213 mero
337 3155 381 3213 tui
414 3170 523 3212 amore.
569 3153 671 3213 Mirari
698 3155 779 3214 enim
806 3160 930 3232 possent
956 3156 1103 3238 nonnulii,

86 3237 165 3317 quod
196 3246 256 3300 tam
288 3240 345 3302 late
374 3242 586 3320 exspatiareris
615 3244 647 3302 in
679 3241 797 3303 laudem
829 3242 955 3304 aliorum
988 3245 1104 3326 bosque

85 3325 108 3336 “
140 3325 250 3388 *berum
277 3347 311 3390 ac
334 3329 488 3391 Posthinm
515 3333 604 3391 unico
633 3330 802 3392 absolveres
829 3330 929 3394 verbo.
975 3332 1020 3395 lta
1049 3352 1104 3415 ego

201 3413 252 3477 ille
285 3416 400 3479 scilicet
432 3421 578 3498 suspicax.
624 3419 666 3480 be
695 3420 823 3492 QueroIo
853 3420 910 3482 tibi
937 3424 1105 3486 etiamnum

204 3500 262 3570 bre
275 3502 385 3592 <non>
399 3527 539 3593 possum,
555 3510 639 3592 quod
649 3510 791 3570 noudum
802 3508 1116 3569 ausudimsremsnt
