2370 3840
105 173 169 237 102
496 172 530 226 H.
550 170 723 242 Thederingi

103 324 190 402 sapit,
214 319 255 381 eil
280 339 312 380 so
337 329 426 401 esset,
448 339 511 381 was
536 321 612 382 euch
636 320 815 402 schmecliet,
839 321 876 380 da
900 320 972 381 habt
990 320 1053 381 ihrs
1075 340 1120 381 zu-

102 429 211 471 samen.
257 410 330 470 Mihi
357 429 418 471 non
446 410 532 470 aliter
559 417 705 470 venerunt
732 412 765 470 in
792 410 931 492 buccam3
965 413 998 470 in
1026 417 1118 470 mente

103 502 182 560 enim
205 518 358 580 nunquam
383 501 505 560 luerunt
528 502 635 560 omnia.
681 498 779 580 Finis3
803 498 936 560 merckts
959 499 1037 559 n'oll.

144 605 422 688 Heidelbergae,
445 605 475 667 2.
494 606 624 666 Ianuarii
648 624 691 666 ao.
713 603 808 668 1618.

413 712 505 793 Tune,
529 731 618 792 quem
642 733 677 773 ex
702 731 792 773 manu
815 715 904 794 nosti,
927 713 962 773 H.
988 713 1020 773 T.
1045 713 1076 774 b.

325 989 380 1061 74.
412 992 450 1060 Η.
473 991 703 1079 liederingns
727 992 762 1061 (i.
786 993 897 1061 Remo.

99 1117 368 1185 Heidelbergae.
890 1121 935 1171 23.
954 1115 1024 1186 Apr.
1045 1121 1114 1172 1o1s.

168 1260 173 1272 .
195 1259 201 1272 .
225 1211 278 1271 Dn.
298 1210 425 1289 Georgio
444 1210 537 1271 Remo
562 1257 595 1271 ..
619 1210 729 1290 inclyto
754 1213 871 1272 senatui
889 1210 1115 1292 Noribergensis

97 1300 182 1380 Reip.
206 1319 222 1360 a
246 1299 385 1360 Consiliis
409 1302 551 1360 intimis.
572 1298 786 1379 ‚Ndrnbergln
823 1300 911 1361 duim
934 1300 1098 1381 Dillinghoi
1110 1348 1115 1360 .

100 1389 167 1450 Cito
201 1391 267 1449 cito.

167 1437 359 1558 bmplissimo
384 1484 414 1537 et
437 1477 659 1538 consultissimo
682 1477 736 1538 Dn.
760 1477 842 1538 Doct.
866 1477 975 1560 Remo,
998 1478 1116 1540 Domino

100 1576 131 1630 et
152 1568 275 1629 Fautori
298 1586 365 1628 meo
388 1566 427 1645 pl.
452 1566 585 1648 colendo,
610 1566 741 1627 Salutem
765 1575 795 1627 et
818 1566 1055 1629 Observantiam.

164 1658 295 1718 Alteram
318 1656 411 1736 Ampl.
435 1657 557 1716 Vestrae
581 1655 738 1734 epistolam
766 1656 803 1716 de
827 1656 998 1718 conditione
1023 1659 1115 1737 Augu·

99 1741 230 1808 stana4⁷8
262 1754 397 1825 agentem
430 1742 481 1806 21.
500 1745 569 1824 Apr.
603 1745 723 1806 demum
759 1748 875 1824 accepi:
913 1745 996 1806 illam
1034 1750 1114 1809 tertia

98 1836 172 1896 haec
200 1854 265 1895 mea
295 1835 429 1894 eiusdem
460 1836 628 1912 argumenti
661 1835 817 1895 confestim
845 1837 1031 1918 insequitur,
1063 1853 1115 1897 non

102 1924 181 2002 quod
201 1924 237 1983 de
256 1923 407 2002 prioribus
427 1925 513 2001 quasi
532 1942 592 1984 non
611 1931 691 1984 recte
711 1922 828 1984 traditis
847 1923 934 2003 plane
955 1925 1114 2005 desperem,

98 2013 128 2072 id
152 2014 233 2072 enim
261 2019 379 2091 tempus
407 2020 594 2072 exaratarum
623 2012 659 2072 ab
687 2019 812 2091 utraque
840 2020 925 2092 parte
953 2013 1114 2076 litterarum

97 2103 220 2162 minime
253 2103 378 2181 patitur,
411 2101 463 2160 sed
493 2104 645 2180 quianon
677 2101 753 2162 levia
781 2102 940 2182 quaedam,
974 2111 1044 2164 ante
1076 2107 1113 2164 in·

98 2194 224 2272 cognita,
249 2208 428 2270 responsum
451 2190 543 2250 hocce
566 2193 720 2250 tertiatum
739 2189 902 2270 efflagitare
926 2190 974 2252 vel
993 2196 1112 2254 maxime

98 2283 161 2342 visa
184 2283 276 2341 suere.
313 2279 355 2341 De
379 2287 512 2358 tempore
537 2298 616 2340 nuno
641 2282 738 2358 agitur
756 2281 905 2360 inprimis,
929 2300 989 2359 quo
1009 2281 1111 2362 Pragae

98 2370 330 2430 subsistendum.
359 2369 519 2429 Biennium
538 2368 719 2447 adsignatur.
748 2367 780 2428 ld
799 2387 869 2428 vero
888 2369 1013 2448 longum
1031 2372 1112 2432 nimis

97 2459 172 2518 mihi
195 2458 321 2539 videtur,
345 2461 395 2519 cui
418 2465 509 2539 aetas,
527 2459 633 2538 patria,
656 2458 745 2517 amici
767 2464 882 2517 tantum
907 2463 1039 2538 spatium
1062 2475 1112 2521 uno

98 2545 149 2607 illo
173 2548 204 2606 in
232 2545 297 2606 loco
327 2547 529 2607 commorandi
557 2548 606 2606 vix
634 2565 668 2606 ac
696 2565 733 2606 ne
761 2548 809 2606 vix
840 2546 962 2625 quidem
986 2549 1112 2628 indulge-

98 2634 182 2696 bunt.
205 2634 345 2695 Polonice
364 2635 447 2714 loqui
466 2635 538 2715 scio,
556 2635 715 2696 bohemiae
735 2635 891 2714 loquentes
910 2655 1019 2716 magna
1038 2645 1112 2719 parte

97 2724 244 2806 intelligo,
268 2723 350 2803 loqui
373 2742 407 2784 ea
430 2724 531 2803 lingua
549 2743 656 2804 parum
675 2743 756 2805 curo,
779 2724 855 2785 forte
875 2731 904 2785 et
922 2743 1031 2805 parum
1051 2727 1112 2788 olim

97 2817 220 2876 iuvaret.
267 2814 325 2874 Sed
350 2832 388 2874 an
416 2832 476 2873 non
500 2832 595 2874 annus
623 2813 804 2874 adolescenti
832 2813 868 2873 ad
891 2817 1113 2894 percipiendum

97 2904 171 2965 illud
194 2903 304 2965 idioma
329 2904 493 2984 sufficeret,
517 2909 551 2964 ut
574 2921 609 2963 eo
632 2904 778 2963 maturius
801 2901 898 2984 ltalos,
922 2902 1033 2986 GalloS,
1056 2903 1113 2965 Bel·

97 3012 159 3075 gas,
181 2993 340 3054 Britannos
363 2992 478 3073 videre,
503 2992 615 3073 audire,
642 2991 782 3052 discenda
807 2991 843 3051 ab
866 2991 927 3052 illis
951 2995 1031 3073 apud
1055 2994 1114 3054 illos

97 3083 218 3143 haurire
241 3079 421 3162 possemus?
457 3081 546 3141 Aetas
570 3081 645 3141 lorte
670 3080 732 3141 sola
755 3079 892 3162 obstabit,
917 3100 992 3160 quae
1017 3092 1052 3144 ut
1073 3099 1114 3143 me

97 3189 259 3250 properare
282 3174 392 3252 magis,
420 3174 461 3231 ita
489 3169 709 3231 adolescentem
736 3172 847 3229 morari
877 3170 1011 3249 paullum
1035 3172 1114 3232 volet.

98 3257 223 3336 Pragam
246 3278 307 3320 non
330 3260 485 3341 abhorreo,
509 3259 561 3320 sed
584 3278 699 3320 moram
721 3258 764 3319 ibi
783 3258 957 3320 faciendam.
994 3260 1116 3341 Insuper

98 3353 196 3407 metus
226 3355 285 3428 est,
318 3350 345 3408 si
371 3351 499 3409 maxime
526 3351 558 3408 in
586 3351 801 3428 sesquiannum
829 3355 880 3408 aut
908 3350 1009 3428 ipsum
1033 3353 1118 3412 etiam

87 3436 251 3497 blenniom
275 3439 494 3522 consentirem,
527 3456 586 3520 quo
612 3437 659 3499 ibi
677 3437 861 3498 haerendum
893 3437 1052 3520 scribitur,
1082 3456 1118 3500 ne

66 3525 262 3590 adolescens
288 3529 407 3594 diutius
434 3530 538 3595 adhuc
560 3529 609 3593 ibi
631 3531 674 3591 sit
696 3524 968 3588 pestilentiosum
986 3531 1127 3604 eumn
