2370 3840
510 148 648 219 epistolae
1045 148 1087 214 81

69 291 328 381 praeliminari⁴⁰⁰.
373 297 447 360 llam
477 300 526 360 vin
559 299 660 359 videre
692 299 805 377 poteris
836 305 903 358 ante
931 298 1089 380 nundinas,

70 388 220 469 siquidem
247 395 379 449 maturas
407 387 520 448 abitum
548 388 606 448 line
630 387 763 466 Augusti.
808 386 918 448 Verum
947 389 1088 467 quioquid

70 479 146 540 mibi
174 496 229 558 per
257 476 372 538 litteras
400 479 521 537 interim
548 478 730 557 iniunxeriS‚
757 475 854 536 libens
876 476 1034 555 praestabo
1058 480 1089 538 in

69 570 145 647 ipsis
163 566 316 647 nundinis,
335 584 408 645 quas
423 565 484 626 Deo
503 565 619 626 volente
638 565 828 644 frequentare
847 565 941 626 babeo
956 584 1088 628 neeesse.

68 657 246 717 dermatius
273 655 330 716 tibi
357 654 539 735 respondere
567 673 627 715 non
655 672 792 735 possum,
823 673 883 715 non
911 654 1018 735 debeo,
1050 674 1088 716 ne

67 746 173 806 videar
195 751 307 806 aut-
327 743 402 805 addo
422 777 464 788 —
483 761 521 805 ne
541 746 598 804 sim
617 743 791 805 ambitiosus
811 746 842 804 in
861 743 974 805 ultimis
993 744 1088 805 malis.

69 835 209 915 Tantum,
232 833 395 895 Triumviri
413 835 509 894 amici.
548 832 664 893 Salvete
683 839 713 893 et
731 832 824 894 valete
839 833 946 893 melius
960 832 1088 895 Grutero

68 942 142 984 vere
165 924 357 984 infortunato.
403 922 449 983 'lu
472 940 600 1003 quoque,
623 915 779 982 llleursi4⁰l
802 925 853 1003 mi,
877 922 963 983 salve.

113 1028 209 1090 Sorib.
221 1021 425 1114 (Heluetia),
435 1026 519 1088 XVII.
528 1028 654 1107 Augusti
663 1028 737 1090 mibi
747 1047 816 1090 vere
832 1033 949 1108 angusti
961 1023 1087 1115 (1607)

116 1136 222 1197 Vester
249 1143 362 1217 tamen,
390 1138 417 1196 si
445 1153 517 1196 suus
546 1153 611 1196 esse
639 1142 752 1217 potest,
780 1138 832 1215 qui
860 1143 906 1197 est
933 1141 1089 1219 moeroris

417 1227 527 1285 sinon
551 1227 641 1285 etiam
665 1225 834 1306 moeras21.
859 1224 1043 1288 Gruterus.

284 1467 335 1537 62.
367 1469 393 1536 Ι.
416 1469 578 1537 Gruterus
603 1470 658 1538 dh.
681 1469 879 1540 Hoeiliobio.

68 1589 339 1661 Heidelbergae.
848 1598 890 1648 15.
909 1593 990 1647 Febr.
1011 1599 1088 1647 1614.

139 1703 396 1766 Praestantissimo
425 1707 675 1784 ornatissimoque
703 1707 766 1765 viro
793 1704 847 1766 un.
876 1705 1089 1785 Christopboro

69 1786 288 1855 Hoefliehio⁴⁰²
312 1812 433 1874 operam
457 1795 539 1855 danti
562 1794 658 1855 literis
681 1796 713 1854 in
737 1793 847 1855 illustri
869 1794 996 1856 lenensi.

140 1900 169 1962 S.
193 1899 224 1962 P.
270 1900 361 1963 Recte
393 1902 467 1963 mihi
499 1902 622 1963 tradidit
653 1911 720 1964 tuas
748 1902 946 1965 Gethofredus
974 1912 1090 1985 noster3

69 1988 219 2070 quidquid
248 1989 305 2051 alio
333 1998 481 2073 tempore,
509 1991 566 2053 alia
589 1994 635 2051 via
659 1991 695 2052 ad
719 2011 766 2053 me
790 1995 912 2074 misisti,
938 2012 998 2055 non
1021 1994 1089 2054 vidi.

70 2079 153 2139 Alias
177 2097 247 2140 sane
271 2083 502 2160 rescripsissem.
540 2079 620 2141 Nihil
644 2083 724 2141 enim
748 2082 877 2144 arbitror
898 2074 1089 2146 inhumanius

71 2185 163 2247 quam
191 2170 256 2229 sine
284 2186 429 2248 responso
453 2171 617 2250 dimittere,
644 2173 695 2250 qui
718 2173 878 2232 amicitiam
902 2171 1016 2251 aliaque
1040 2191 1090 2252 ap-

70 2264 192 2339 petunt,
223 2259 286 2318 sive
319 2258 424 2337 dignos
458 2261 519 2321 sive
553 2258 705 2339 indignos,
743 2262 800 2319 etsi
833 2262 899 2338 quis
931 2260 998 2319 heic
1030 2280 1089 2321 non

70 2342 205 2425 dignus?
240 2346 316 2407 Vere
340 2349 420 2408 enim
443 2347 473 2408 P.
498 2347 566 2428 Syri
589 2341 739 2408 versus⁴⁰³

269 2471 406 2533 Amicitia
428 2491 515 2552 pares
539 2479 591 2533 aut
614 2474 723 2551 accipit
746 2479 797 2532 aut
819 2473 897 2533 facit.

70 2613 172 2684 Quare
203 2613 366 2692 plurimum
398 2613 453 2675 tibi
485 2614 593 2695 debeo,
625 2617 667 2674 mi
694 2614 841 2677 Hoelliobi
877 2608 975 2699 (vides
1003 2618 1091 2697 enim,

71 2719 163 2781 quam
186 2701 286 2763 subito
308 2702 404 2764 factus
428 2706 470 2764 sis
493 2698 678 2788 familiaris),
707 2705 785 2784 quod
809 2713 869 2766 tam
893 2705 977 2765 obvia
1000 2709 1091 2766 eomi-

71 2799 135 2852 tate
164 2809 179 2850 e
207 2809 343 2852 meorum
366 2810 490 2853 numero
514 2811 581 2854 esse
606 2796 698 2872 cupis.
745 2793 806 2855 Nec
830 2797 910 2855 enim
933 2796 956 2853 ii
979 2812 1092 2875 sumus,

71 2897 150 2960 quos
178 2879 347 2961 arbitraris,
375 2881 428 2942 sed
456 2890 602 2943 amatores
632 2882 727 2943 solum
750 2883 1002 2962 admiratoresque
1026 2883 1091 2944 lite-

71 2987 176 3030 rarum
198 2969 365 3030 meliorum.
401 2970 434 3030 ld
457 2989 566 3032 munus
591 2974 617 3031 si
641 2972 808 3052 implemus,
832 2974 903 3031 satis
928 2978 973 3031 ast
996 2971 1092 3053 nobis,

70 3061 105 3119 in
133 3057 190 3118 hoo
216 3061 343 3138 perenni
370 3058 473 3140 exilio,
501 3063 533 3120 in
561 3063 619 3121 isto
643 3062 769 3140 perenni
792 3060 881 3122 luctu.
927 3059 989 3120 lam
1012 3062 1092 3121 enim

70 3147 230 3208 biennium
260 3147 333 3209 abiit
355 3149 432 3230 fere,
460 3149 539 3228 quod
563 3158 701 3229 quartum
726 3150 820 3210 laetus
844 3168 910 3210 sum
933 3146 1093 3212 viduus404.

70 3235 156 3307 Quae
179 3235 330 3298 calamitas
353 3240 441 3299 toties
464 3240 570 3299 iterata
594 3257 682 3318 quem
706 3256 766 3299 non
789 3239 903 3299 auferat
922 3237 959 3299 ab
979 3239 1092 3302 altiori-

70 3325 140 3406 bus,
163 3325 274 3387 nedum
296 3345 344 3387 me
368 3326 450 3388 humi
474 3346 581 3408 repere
605 3324 745 3389 suetum?
768 3327 887 3388 Gaudeo
911 3330 1033 3390 interim
1052 3332 1092 3391 ita

71 3414 223 3476 adiectum
251 3422 382 3476 vestrum
411 3416 495 3477 vobis
523 3417 709 3497 glaucomam
735 3417 886 3499 obiioere,
907 3426 947 3478 ut
969 3437 1024 3476 me
1043 3418 1100 3474 ab·

71 3521 162 3581 quem
183 3506 299 3581 putetis
323 3507 356 3565 in
379 3506 491 3569 studiis
514 3507 763 3575 honestioribus.
803 3507 979 3570 uoluntate
1003 3499 1138 3576 oximam

110 3607 184 3656 nana
197 3621 257 3653 ιιω.
271 3613 333 3655 xvi
345 3618 369 3657 ot
383 3617 465 3662 xv11.
964 3609 985 3655 b
