2364 3832
85 158 128 222 90
512 157 534 213 Ι.
554 156 667 212 Gruteri

78 308 115 368 At
138 325 206 367 cum
229 305 322 367 semel
344 313 459 368 tautum
481 325 652 389 nascamur,
681 325 770 387 quam
792 315 879 387 turpe
903 314 950 368 est
973 307 1100 371 haerere

80 399 111 457 in
134 395 185 456 tali
210 392 281 457 die?
326 395 370 456 Oh
395 396 523 475 effigiem
546 415 642 457 meam
665 399 787 457 missam
810 403 926 458 tantum
950 396 1044 478 abest,
1068 406 1102 459 ut

80 488 190 564 gratias
214 484 337 566 deheas3
364 484 419 545 tihi
443 493 546 546 contra
571 485 698 566 obligor,
727 485 805 564 quod
833 504 894 546 non
921 485 1101 565 dedignatus

80 575 236 635 admittere
273 592 405 635 mercem
441 575 604 654 evapidam.
659 573 717 634 Ver
748 568 963 656 Thuanum⁴⁸⁵‚
1001 583 1101 637 aestas

79 663 289 725 Hoeschelium
307 662 437 724 abstulit.
460 662 499 724 Ut
518 682 566 724 res
585 670 653 724 nata
672 670 727 744 est,
745 662 883 725 llebimus
897 665 989 725 etiam
1008 665 1102 726 alium

81 755 146 832 ipsa
168 753 277 813 hieme.
308 751 368 813 Res
387 752 520 813 literaria
538 771 599 813 non
618 755 730 813 sensim
749 755 818 833 ruit,
841 752 894 814 sed
914 753 1102 816 subvertitur

80 844 193 921 impetu
216 834 300 925 vis*)
324 843 459 922 maioris3
483 841 556 902 adeo
581 842 735 903 columnae
758 844 823 902 eius
847 859 952 903 omnes
970 841 1100 905 lectissi-

79 949 144 991 mae
173 931 369 992 succiduntur
396 950 413 992 a
435 930 518 991 fatali
538 931 638 992 Parca.
680 930 803 992 Interim
826 933 948 1010 quinam
972 931 1100 993 obsecro

80 1027 273 1081 succrescunt
292 1022 323 1080 in
342 1019 441 1081 locum
459 1017 704 1081 demortuorum?
727 1019 789 1099 Ego
808 1019 968 1081 admodum
986 1040 1100 1100 paucos

79 1111 155 1169 novi.
202 1109 260 1169 Sed
288 1111 329 1169 ita
356 1111 499 1169 nimirum
527 1109 693 1170 consulitur
724 1111 860 1170 varietati
891 1111 1039 1189 universi,
1073 1113 1100 1172 si

79 1197 205 1258 saeculis
233 1197 346 1277 aliquot
373 1197 464 1258 densa
491 1200 602 1259 iterum
628 1216 800 1278 premamur
825 1197 972 1260 barbarie.
1019 1198 1099 1279 Ergo

78 1287 129 1346 fiat
148 1288 333 1366 quantocius,
356 1285 435 1365 quod
458 1286 555 1347 dehet.
587 1287 696 1348 Verum
715 1294 834 1349 cessent
852 1286 1006 1370 querelae3
1029 1307 1099 1349 nam

77 1377 124 1434 vix
150 1377 222 1435 satis
238 1382 306 1456 -est,
338 1377 408 1454 quei
434 1394 482 1436 me
506 1394 622 1457 curem,
655 1378 707 1456 qui
730 1379 789 1437 iam
812 1383 878 1437 octo
906 1376 972 1437 dies
995 1396 1096 1456 pugno

77 1471 181 1524 contra
204 1463 314 1525 colicos
338 1463 456 1525 dolores
480 1467 635 1545 sentioque
666 1465 801 1545 corporis
828 1466 917 1527 huius
945 1469 1025 1527 crasi
1052 1469 1097 1527 in·

78 1554 272 1614 lensissimos.
306 1553 399 1632 Spero
422 1561 522 1615 tamen
545 1553 668 1615 meliora
692 1554 752 1615 Deo
776 1573 851 1615 max.
871 1555 997 1616 favente.
1039 1555 1096 1616 Re·

77 1645 200 1704 mittunt
223 1645 312 1725 enim,
335 1650 417 1704 certe
441 1644 642 1704 intermittunt
661 1661 693 1704 se
712 1650 926 1724 paroxysmata.
959 1643 1095 1705 Divinam

77 1733 295 1809 providentiam
317 1725 438 1812 precor,
465 1751 503 1793 ne
528 1732 625 1793 simile
649 1733 720 1812 quid
745 1735 849 1794 amicis
872 1734 948 1793 meis
972 1733 1093 1794 accidat.

77 1819 145 1880 Vale
169 1824 269 1902 igitur,
292 1823 334 1880 mi
352 1820 511 1900 Hoellichi,
535 1827 565 1881 et
587 1839 745 1900 persevera
769 1840 900 1882 amorem
919 1817 1005 1882 tuum
1024 1841 1091 1902 erga

78 1907 282 1989 Gruterum,
306 1910 409 1988 quite
432 1917 586 1987 perpetuo.

120 2031 394 2114 Heidelbergae‚
418 2031 447 2094 2.
467 2032 644 2094 Novembris
664 2031 759 2098 1617.
780 2110 784 2114 .

338 2312 390 2384 dt.
423 2314 449 2382 Ι.
474 2314 633 2383 Gruterus
658 2313 693 2382 (l.
715 2314 826 2384 Remo.

75 2437 247 2506 (Brettae).
797 2444 839 2495 lt.
858 2438 925 2507 Apr.
945 2437 1087 2508 (1oto)⁴³⁰.

141 2530 294 2609 Ampliss0.
309 2531 520 2592 excellentiss0.
536 2531 608 2591 Duo.
632 2531 759 2610 Georgio
783 2531 889 2614 Remo,
912 2534 1089 2595 cancellario

75 2618 192 2679 scholae
216 2617 341 2678 Noricae
366 2628 420 2679 ete.
444 2619 666 2696 Norimhergae.

142 2708 170 2768 S.
189 2707 221 2767 P.
244 2707 413 2767 Amicorum
432 2705 587 2785 primarie!
606 2706 649 2766 lta
669 2716 723 2768 est.
747 2709 860 2771 Deliteo
874 2709 994 2772 Brettae
1013 2711 1088 2792 apud

75 2789 276 2876 generum⁴³²,
307 2796 359 2874 qui
382 2813 460 2855 uuus
483 2813 520 2855 ex
536 2794 681 2855 'omnibus
706 2797 898 2860 Serenissimi
920 2804 1017 2862 nostri
1040 2800 1090 2862 ad·

74 2888 221 2946 ministris
244 2884 339 2945 adhuc
363 2885 434 2944 vivit
461 2883 659 2962 indignitate
686 2888 826 2967 pristina,
859 2889 938 2967 quod
966 2907 1088 2951 necesse

74 2975 202 3035 habeant
216 2975 349 3034 iuniores
363 2972 519 3032 consulere
535 2972 662 3052 aliquem
677 2992 802 3052 gnarum
815 2977 914 3056 legum
929 2997 1088 3058 rerumque

73 3063 281 3123 Palatinarum.
309 3060 370 3120 lam
389 3068 469 3121 totus
493 3079 560 3122 sum
579 3064 609 3123 in
629 3062 841 3125 concinnandis
860 3066 990 3144 politicis
1009 3070 1088 3128 notis

75 3152 110 3210 ad
134 3151 264 3231 Livium,
288 3151 340 3228 qui
362 3152 451 3210 tertio
475 3153 532 3210 iam
557 3151 711 3212 recuditur
734 3155 765 3213 in
788 3149 822 3214 ll
866 3150 1087 3217 Franclurti⁴³⁸.

74 3237 180 3298 Vidisti
211 3246 282 3319 puto
314 3237 529 3301 Bibliothecam
561 3240 681 3301 exulum
715 3250 782 3302 ante
815 3252 961 3305 semestre
994 3264 1010 3306 a
1040 3263 1086 3306 me

75 3321 229 3388 editam4³⁹
252 3335 282 3387 et
304 3327 437 3406 prohasti
461 3329 564 3390 saltem
588 3338 620 3390 ut
643 3332 764 3391 amicus
797 3331 955 3394 Debebatis
978 3333 1086 3394 habore

138 3515 163 3584 *)
184 3514 322 3572 Gruterus
340 3515 417 3588 ipse:
436 3521 472 3576 oi.
