2370 3840
507 148 656 218 epistolae,
746 133 749 138 ’
1039 152 1082 216 27

63 306 247 378 conquestus
271 300 399 380 luerem,
418 306 449 359 et
471 301 596 360 summis
618 301 679 359 tuis
703 300 946 378 occupationibus
969 321 1019 363 res
1038 303 1082 364 di-

61 388 205 455 lationem
228 390 412 467 nescioquo
436 388 495 449 lato
519 390 624 448 sortita
648 396 725 468 erat,
746 389 961 467 profectionem
984 410 1082 453 meam

59 477 169 538 dubito
193 496 273 559 sane,
296 496 333 538 an
352 476 532 538 turbulentis
556 476 770 555 litigationibus
793 478 941 557 implicari
964 481 1081 541 consul·

61 555 126 628 tum
159 567 258 627 luerit.
311 566 455 628 Iniuriam
482 573 564 627 certe
597 565 646 627 ille
679 565 750 627 iacit
782 585 849 627 cnm
880 568 1018 630 manibus
1052 577 1082 631 et

63 649 247 735 Crcpacii¹⁰6
265 663 296 716 et
309 648 508 735 CrucigeriIll
526 662 591 716 tum
607 654 683 715 mihi
695 657 816 737 virenti,
835 675 922 735 mam
942 659 1081 737 equidem

60 744 195 824 proiecto
218 744 343 805 inultam
366 762 427 805 uon
446 746 550 825 sinam,
573 762 634 804 non
656 745 760 826 patiar,
783 763 844 805 non
862 746 963 807 leram.
996 747 1081 818 Quod

62 837 90 894 si
108 840 173 894 tute
188 833 236 893 vel
254 852 288 894 ea
307 836 491 914 auctoritate,
515 852 580 912 qua-
591 832 686 912 polles
705 852 739 894 ac
757 841 839 894 certe
853 834 966 914 pollere
980 836 1081 918 debes,

61 941 128 983 rem
142 925 356 1003 composueris,
376 921 422 982 vel
439 923 588 983 interfata
599 922 727 1001 hospitis
745 925 805 982 mei
818 919 1081 1006 Rauenbuschi108,
1098 975 1103 983 .

61 1030 153 1091 quem
166 1019 267 1072 tamen
284 1011 335 1071 ille
354 1029 414 1071 non
433 1011 550 1091 audiet,
560 1013 709 1071 mitiorem
727 1011 905 1094 reddideris,
923 1019 977 1094 est,
1001 1014 1080 1092 quod

59 1103 218 1179 utriusque
242 1118 350 1180 operae
373 1107 461 1179 atque
480 1099 622 1160 felicitati·
635 1107 790 1179 acceptum
809 1101 911 1162 ieram.
941 1102 1080 1181 Alioquin

58 1183 149 1273 (quid
169 1192 249 1250 enim
268 1188 461 1270 dissimulem,
484 1192 668 1273 praesertim·
680 1189 758 1268 apud
777 1184 843 1274 tel)
867 1191 1019 1271 bominem
1038 1195 1079 1253 ita

57 1278 207 1360 tractabo,
234 1286 268 1339 ut
290 1279 416 1339 meritus
443 1285 490 1338 est
513 1285 600 1357 atque
629 1277 678 1338 illi
695 1287 870 1358 perpetuam
898 1283 998 1360 ignom
1010 1284 1078 1342 niae

58 1368 258 1446 infamiaeque
290 1374 391 1427 notam
424 1367 460 1429 ad
491 1373 628 1446 posteros
660 1370 791 1449 inuram,
823 1372 937 1447 pariter
967 1373 1079 1432 amicos

57 1457 216 1518 delunetos
244 1463 274 1516 et
303 1474 351 1516 me
378 1459 478 1535 ipsum
505 1455 718 1517 vindicaturus.
764 1456 823 1538 En,
851 1458 952 1520 oculos
975 1458 1077 1538 tango!

59 1546 274 1626 Tantoperene·
292 1542 409 1606 saevis?
432 1547 541 1625 inquis.
573 1543 666 1605 Immo
685 1563 751 1605 non
764 1549 871 1607 saevio.
906 1547 991 1618 Quod
1009 1567 1078 1627 pro-

56 1637 138 1715 misi,
161 1642 191 1694 et
214 1634 333 1695 solvam.
378 1632 422 1694 lta
445 1641 504 1695 stat
522 1637 678 1694 sententia.
724 1633 851 1694 Promisi
879 1644 978 1696 autem
1001 1636 1077 1697 ulto-

57 1742 138 1804 rem,
166 1725 226 1784 nisi
248 1723 305 1783 ille·
322 1723 497 1803 satisfaciat,
524 1741 621 1800 neque
649 1741 696 1783 me
726 1725 884 1802 quisquam
907 1724 1080 1804 prohibebit

58 1812 244 1893 mortalium,
268 1814 428 1892 quominus
451 1810 504 1872 tali
526 1810 611 1872 illum
634 1819 762 1872 mactem
784 1812 956 1874 infortunio.
1002 1813 1078 1875 Rem

57 1899 310 1980 indignissimaml
340 1899 469 1962 Litteras
491 1899 689 1980 Reyskiornm
712 1902 748 1962 ad
771 1920 818 1962 me
841 1920 983 1982 measque
1006 1923 1077 1965 con-

59 1993 245 2070 signationes
268 1991 389 2051 ratione
407 1989 498 2050 debili
521 1989 708 2069 appellarunt
731 1990 941 2053 ANITERGIA.
987 1993 1076 2055 lntel-

37 2080 126 2158 ‚ligis
145 2080 350 2140 foedissimum
368 2078 559 2159 vocabulum,
572 2080 719 2158 quomodo
739 2082 771 2139 in
784 2079 885 2160 lingua
900 2081 1075 2145 Germanica

55 2175 153 2229 sonet.
198 2168 294 2229 Pudet
316 2186 363 2228 me
388 2167 424 2228 de
447 2167 502 2229 bis·
518 2167 614 2229 nebus*
633 2168 779 2250 scribere;
808 2169 860 2229 sed
884 2171 1019 2253 efficiam,
1042 2181 1077 2233 ut

55 2256 141 2319 illum
165 2260 259 2337 magis
283 2275 353 2318 suae
376 2255 496 2317 fraudis
514 2264 601 2336 atque
624 2258 808 2339 technarum,
832 2261 858 2318 si
881 2259 969 2319 modo
988 2263 1075 2342 vivet,

55 2346 183 2428 pudeat,
214 2349 327 2426 pigeat,
359 2348 523 2424 paeniteat..
562 2345 719 2406 Hominem
753 2345 789 2405 ad
820 2353 850 2406 te
879 2350 991 2408 arcessi
1023 2349 1076 2410 ubi

55 2438 192 2516 iusseris,
215 2434 289 2496 nihil
311 2441 431 2514 praeter
453 2452 546 2513 nugas
566 2434 679 2495 adseret
697 2441 727 2495 et
747 2434 907 2496 involucra.
944 2437 1003 2498 Sed
1021 2438 1076 2500 nbi

56 2527 158 2604 ipsum
181 2527 323 2585 attentius
350 2525 477 2604 intuitus
500 2524 607 2604 lucris,
633 2523 868 2585 malitiosissima
894 2529 1075 2605 perversitas

54 2632 93 2674 ex
120 2613 215 2674 oculis
238 2613 318 2674 illius
342 2611 501 2691 effulgebit.
547 2612 642 2692 Atque
666 2613 702 2674 de
725 2613 773 2674 his
795 2613 947 2676 hactenus.

124 2703 200 2764 llum
222 2703 295 2763 haec
319 2701 427 2781 scribo,
450 2703 481 2761 in
504 2708 635 2762 mentem
658 2702 732 2762 mihi
754 2705 836 2764 venit
858 2705 932 2785 eius,
956 2708 1008 2785 qui
1026 2725 1073 2768 me

54 2792 215 2871 aliqnando
231 2790 309 2871 apud
322 2798 353 2850 te
367 2808 428 2850 non
441 2789 529 2850 modo
544 2794 702 2873 accusavit,
722 2792 774 2852 sed
793 2794 952 2873 immerito,
971 2813 1074 2855 verum

54 2884 147 2942 etiam
171 2880 366 2942 calumniatus
390 2886 444 2960 est,
468 2879 520 2939 sed
543 2883 729 2962 veteratorie,
753 2899 841 2960 quam
866 2882 986 2960 quidem
1009 2901 1071 2944 rem

54 2972 143 3049 quasi
166 2972 308 3050 sopitam,
335 2975 369 3028 ut
392 2966 442 3028 ille
461 2970 624 3049 existimat,
647 2972 706 3030 iam
730 2973 860 3030 excitare
884 2972 1074 3049 supersedeo.

54 3058 151 3120 Huius
183 3061 264 3120 enim
295 3056 354 3118 loci
385 3075 445 3117 non
477 3064 531 3117 est.
581 3057 709 3119 Tantum
736 3058 804 3119 audi
831 3056 955 3119 obsecro
985 3061 1074 3122 mira-

53 3148 165 3209 culum.
210 3148 290 3208 lnter
322 3145 561 3228 calumniandum
588 3146 662 3207 mibi
689 3147 948 3208 vehementissime
971 3150 1074 3211 tinniit

53 3239 137 3298 auris
161 3239 296 3317 sinistra,
318 3237 359 3295 ita
382 3243 415 3295 ut
437 3234 524 3314 plane
548 3234 791 3317 obstupefierem,
819 3242 907 3315 atqne
931 3237 1002 3299 dum
1024 3259 1073 3301 re-

53 3329 164 3408 spicio,
196 3343 265 3387 ecce
298 3324 425 3385 annulus
457 3342 555 3404 meus,
588 3326 640 3403 qni
668 3331 714 3385 est
746 3343 781 3384 ex
810 3343 881 3385 auro
910 3330 1072 3406 purissimo

53 3415 306 3495 solidissimoque,
324 3412 492 3492 insignibus
510 3415 586 3473 meis
594 3406 631 3445 ¹⁰⁹
650 3414 859 3493 circumdatus,
878 3417 910 3475 in
928 3416 1073 3495 pallorem

51 3504 245 3585 alboremque
269 3505 383 3582 argenti
407 3501 600 3584 degeneravit
616 3521 720 3587 neque
736 3503 963 3567 macdasmss
978 3505 1104 3572 uxn'xsxx,
