2370 3840
511 192 649 264 epistolae
1043 196 1088 260 67
1159 195 1161 200 ’

69 347 102 406 in
126 344 215 404 boras
242 345 380 405 nuntium
404 344 498 423 Spira.
544 344 672 426 lnunc,
701 362 776 422 nega
799 344 934 425 dignum,
963 347 1013 423 qui
1041 352 1089 405 ter

67 433 263 512 naufragetur
284 433 332 494 bis
354 434 523 512 naufragus
578 433 688 494 Verum
716 452 809 493 0105
838 451 946 512 quaeso
974 436 1087 495 mitius.

69 523 149 584 Satis
176 521 256 583 ultro
283 524 364 584 venit
390 521 544 583 malorum.
586 522 688 583 Potius
716 529 828 603 optate,
860 540 909 582 res
938 522 1022 582 cedat
1049 541 1086 583 ex

68 619 151 673 voto:
175 613 219 672 sic
241 629 393 690 nunquam
416 613 531 692 5313115,
555 612 624 691 quid
649 614 688 672 sit
710 612 826 672 viduari
849 610 959 690 probae
982 614 1086 671 uxoris

67 702 176 781 primis
199 700 358 762 amoribus
404 700 438 761 ln
466 718 524 780 quo
553 703 651 762 omine
675 703 746 761 finio
769 708 871 781 teque,
895 702 937 760 mi
959 699 1086 760 11111315-

67 790 152 870 husi,
183 788 259 868 plur.
291 789 390 850 valere
421 787 519 870 iubeo,
552 797 666 850 certum
698 792 791 851 amari
824 809 839 850 a
867 808 913 850 me
941 788 1086 849 Plautinis

67 877 169 940 uerbis
188 878 315 940 oculitus
334 880 541 957 animitusque.
1089 896 1092 901 ’

114 984 391 1067 Heidelbergae,
414 986 462 1046 die
488 982 538 1048 16.
557 984 616 1046 lan.
638 982 733 1067 1601,
756 993 789 1046 31
813 985 893 1046 53130
917 988 1032 1065 raptim.

391 1092 473 1153 Tuus
497 1095 578 1152 omni
601 1093 698 1153 officio
722 1093 827 1154 lanus
851 1085 1039 1154 Gruterus.

277 1280 320 1350 bl.
353 1283 379 1350 l.
403 1282 563 1351 Gruterus
587 1285 624 1350 Οἱ
640 1284 875 1352 Rittersbusio.

65 1390 332 1474 He'idelbergae.
840 1407 982 1463 1111311.
1004 1414 1081 1465 1601.

135 1500 163 1562 S.
182 1500 213 1561 P.
244 1501 285 1562 Mi
303 1500 375 1562 Dne.
394 1501 584 1562 Rittershusi.
617 1501 746 1580 Nuperis
764 1497 884 1562 meis³³⁰
902 1506 1046 1581 petieram
1066 1523 1082 1563 a

63 1598 95 1651 te
128 1597 160 1651 et
190 1589 262 1651 Dno.
294 1589 406 1651 Gentili
427 1590 616 1669 Epigramma
648 1593 679 1650 in
708 1590 921 1669 {ascriptiones
954 1599 1081 1673 nostras,

65 1680 197 1760 sedita,
223 1681 269 1740 uti
291 1679 411 1740 demum
438 1679 469 1739 id
497 1680 674 1758 exigendum
702 1686 837 1758 putarem
865 1686 932 1758 post
962 1698 1080 1741 armum.

64 1769 152 1830 Nunc
170 1770 248 1829 scias
266 1769 448 1848 typographo
466 1770 564 1829 visum
583 1769 671 1829 edere
694 1775 809 1847 partem
827 1771 953 1847 primam
973 1769 1081 1830 futuris

63 1857 216 1920 nundinis.
244 1857 346 1937 ltaque
364 1857 448 1918 uides
467 1860 556 1918 etiam
574 1865 687 1919 tantum
707 1876 767 1919 non
785 1858 1080 1940 repraesentandum3

64 1947 145 2027 quod
168 1949 214 2007 uti
236 1954 278 2027 tu,
301 1949 343 2007 mi
365 1945 436 2007 Due.
461 1945 595 2028 Gentilis,
618 1955 651 2008 tu
672 1951 714 2007 mi
732 1947 803 2007 line.
823 1947 966 2029 Conrado,
989 1949 1080 2009 saclas

62 2036 227 2115 plurimum
255 2054 378 2116 quaeso,
405 2054 465 2096 non
492 2042 552 2096 tam
584 2055 651 2096 meo
678 2039 798 2097 nomine
827 2056 914 2115 quam
938 2037 1081 2117 Scaligeri

62 2145 96 2187 ac
110 2123 248 2205 Welaeri,
267 2143 394 2203 quorum
412 2126 554 2204 auspiciis
569 2144 643 2204 opus
658 2125 729 2186 illud
750 2125 860 2186 absolvi
880 2128 955 2186 etin
970 2146 1079 2206 corpus

61 2232 157 2275 unum
184 2213 295 2292 redegi.
340 2212 383 2274 De
409 2232 443 2274 re
471 2213 575 2296 altera3
609 2218 649 2275 ita
677 2217 766 2274 etiam
794 2221 853 2274 est:
884 2214 987 2275 videor
1009 2234 1077 2276 nrox

62 2305 183 2365 iuturus
206 2321 341 2382 sponsus
375 2303 477 2381 ltaque
501 2310 531 2363 et
554 2311 651 2364 vestra
674 2310 741 2363 vota
759 2302 839 2362 velut
857 2302 1007 2364 Musarum
1027 2322 1080 2363 ore

60 2392 183 2472 profusa
207 2391 291 2452 avide
314 2392 474 2471 expectabo
502 2386 754 2471 postPascba³31.
802 2392 833 2451 Si
857 2410 906 2451 res
928 2392 1078 2472 procedet,

59 2499 171 2544 nomen
202 2479 323 2542 habebit
355 2480 528 2542 Catharinae
561 2473 771 2541 Stoclreliac³³²
803 2499 947 2541 annorum
979 2480 1079 2562 XXIV,

59 2574 147 2650 virgo
178 2569 312 2631 moribus
345 2578 375 2631 et
402 2570 485 2630 vultu
517 2569 697 2631 liberalibus.
743 2569 898 2630 Familiam
930 2589 984 2648 aa„
995 2573 1079 2631 noris

58 2661 178 2739 nescio,
209 2661 269 2719 nisi
295 2659 371 2719 forte
399 2661 553 2738 cognoscis
576 2659 841 2738 procancellarium
864 2667 1000 2721 nostrum
1023 2659 1076 2721 lin.

59 2747 272 2830 Culmannum,
304 2751 390 2809 cuius
417 2751 516 2827 neptis
543 2756 589 2809 est
611 2767 666 2828 per
692 2752 794 2809 313115
823 2768 969 2830 sororem,
1003 2767 1078 2826 quae

58 2845 106 2899 est
130 2836 205 2898 Zum
227 2836 401 2918 Lamniana,
429 2856 504 2916 quae
528 2838 637 2899 lamilia
665 2838 713 2898 bic
738 2845 768 2898 et
791 2837 894 2918 Spirae
918 2837 1076 2897 admodum

57 2926 170 2988 nobilis
192 2944 248 3006 per
270 2945 364 2987 annos
387 2926 488 2987 CCCC.
535 2926 621 2988 Pater
644 2930 703 2988 nisi
732 2926 817 2987 fallor
844 2933 894 2986 aut
918 2926 1075 2986 advocatus

58 3016 116 3077 luit
140 3023 191 3077 ant
214 3033 348 3076 assessor
372 3015 484 3095 Spirae.
521 3015 631 3096 Recepi
654 3016 756 3076 literas
779 3034 875 3094 nuper
899 3034 914 3074 a
937 3014 990 3075 Dn.
1010 3013 1076 3074 Pic-

57 3112 142 3166 carto
164 3111 279 3185 vestro,
306 3104 414 3184 quibus
437 3103 592 3183 multiplex
616 3104 759 3165 debebam
782 3122 960 3182 responsum
984 3110 1013 3163 et
1037 3103 1075 3163 ob

56 3212 191 3255 amorem
214 3201 244 3254 31
272 3193 309 3254 ob
333 3193 508 3273 elegantiam
536 3196 648 3273 ingenii
676 3196 742 3254 eius
770 3200 800 3253 et
823 3192 859 3253 ob
883 3195 1074 3271 praeconiumr

55 3301 158 3346 meum
177 3285 368 3345 immeritum.
399 3282 458 3343 Sed
477 3285 535 3343 iam
558 3284 646 3344 modo
670 3283 763 3343 redux
783 3281 819 3342 ab
838 3281 1074 3343 deambulation-

55 3372 123 3434 cula
147 3391 216 3434 cum
237 3371 357 3433 Melisso
381 3379 411 3433 et
434 3379 594 3451 occupatus
612 3373 709 3433 literis
728 3371 802 3453 aliis,
826 3390 899 3451 quas
919 3379 1076 3451 expectant

55 3465 156 3524 nuntii
180 3461 300 3544 aliquot,
324 3479 442 3544 quaeso,
466 3463 511 3523 uti
533 3463 737 3526 taciturnitati
756 3481 848 3524 meae
861 3458 1102 3540 'ignoscamus

50 3552 172 3610 interim
199 3557 299 3610 certus
326 3554 422 3614 amari
452 3572 470 3615 a
494 3573 547 3618 me
577 3563 674 3641 atque
700 3554 884 3633 aestimari,
912 3551 968 3607 uti
991 3543 1130 3600 aucuns

933 3645 972 3698 b*
