2370 3840
500 179 638 252 epistolae
1035 181 1076 246 77

55 334 202 396 decadem
233 352 288 395 ms.
321 351 389 393 cum
421 332 509 393 edita.
559 331 707 411 Equidem
739 332 809 411 quid
842 333 912 395 buic
943 333 1076 413 prolixae

55 423 204 485 voluntati
236 440 395 503 reponam,
426 422 518 481 immo
552 421 624 500 quid
652 421 861 502 respondeam,
893 441 954 483 non
981 422 1075 483 video.

56 515 168 575 Aveam
196 512 318 593 quidem
339 511 455 591 videre,
478 513 505 571 si
528 510 600 589 quid
623 513 655 571 in
678 511 859 572 membranis
883 510 1077 573 nobilissimis

56 596 204 663 ΗιιΙείἰ368
231 619 337 682 operae
361 601 506 681 pretium,
533 600 586 661 sed
609 607 644 660 ut
665 607 699 660 tu
721 618 790 661 eum
812 600 945 661 laborem
969 618 1077 681 sumaS,

58 691 219 770 impudens
248 693 318 772 sim,
346 692 373 751 si
399 707 528 750 voveam.
575 689 608 750 Si
635 696 735 750 tamen
762 690 792 750 id
817 708 871 770 pro
894 690 1077 768 benignitate
1104 712 1105 716 ¹

59 787 184 842 naturae
213 786 318 860 sponte
346 779 455 840 leceris
482 797 576 857 eoque
606 778 819 858 rempublicam
847 778 1010 839 literariam
1032 780 1078 838 iu-

59 888 131 930 vare
160 869 299 949 dignatus
326 869 433 949 fueris,
460 870 519 929 erit
545 867 601 928 tibi
627 869 789 929 maximum
816 870 982 948 praemium
1008 886 1079 949 con-

60 961 200 1040 scientia3
224 958 276 1019 sed
299 977 355 1019 nec
379 956 498 1018 silentio
521 956 677 1038 involvam,
699 975 755 1036 per
778 975 866 1037 quem
887 957 1079 1036 singulariter

61 1048 183 1109 adiutus
211 1049 328 1108 luerim.
373 1045 472 1107 Nolim
500 1053 600 1107 tamen
626 1052 670 1127 te,
702 1049 744 1106 mi
771 1046 857 1127 line,
884 1045 1018 1107 laborare
1047 1048 1079 1106 in

61 1139 200 1198 minutiis
226 1135 454 1218 minutioribus,
482 1135 534 1195 sed
562 1138 600 1195 iis
629 1134 738 1217 solum,
766 1135 875 1215 quibus
903 1142 1006 1197 auctor
1029 1135 1079 1196 liat

61 1234 115 1288 aut
142 1228 275 1287 ornatior
303 1232 354 1287 aut
380 1224 494 1286 melior.
541 1225 578 1286 Et
605 1227 664 1284 nisi
687 1243 775 1303 grave
798 1225 902 1306 fuerit,
931 1224 1020 1285 velim
1043 1224 1079 1285 ad

61 1317 230 1395 marginem
252 1333 346 1395 ponas
369 1317 507 1394 paginam
530 1313 609 1394 libri,
632 1317 705 1374 item
723 1315 839 1375 literam
857 1315 889 1375 Α.
908 1314 939 1374 Β.
960 1313 990 1375 C.
1027 1313 1081 1373 Est

62 1405 119 1466 tibi
143 1404 258 1483 Sigonii
286 1402 438 1483 exemplar
459 1396 664 1484 Venetum³⁶⁹;
691 1403 722 1463 id
750 1411 780 1464 et
803 1404 877 1464 mibi
900 1405 936 1463 ad
959 1421 1081 1464 manum

63 1494 177 1572 absque
210 1511 245 1554 eo
277 1495 353 1553 mire
386 1492 558 1553 laboravero
591 1494 622 1552 in
654 1494 844 1553 inveniundo.
890 1493 951 1552 lam
978 1493 1080 1552 Livius

63 1580 223 1643 excuditur
243 1581 414 1642 Francfurti
435 1584 468 1642 in
491 1581 562 1642 lolio
585 1583 664 1661 typis
687 1581 909 1662 pulcherrimiS,
934 1580 1081 1660 capitibus

64 1675 126 1732 sive
150 1671 344 1751 paragraphis
368 1671 535 1751 distinctus
559 1669 611 1730 sed
635 1672 768 1748 margine
792 1672 950 1750 interiore,
974 1671 1082 1748 utqui

64 1761 114 1822 illa
136 1760 220 1841 nolit,
243 1779 336 1840 paene
360 1777 420 1820 non
444 1761 549 1820 videat.
587 1759 661 1819 Mire
685 1761 807 1819 interim
830 1759 997 1819 conducent
1019 1777 1082 1818 me-

64 1852 186 1931 moriae,
205 1857 236 1910 et
253 1868 289 1910 eo
308 1852 373 1928 ipso
387 1851 420 1909 in
433 1855 574 1929 promptu
588 1856 685 1929 erunt,
705 1867 898 1927 quaecunque
913 1847 1083 1928 RhenanuS,

64 1933 262 2020 Gelenius³⁷⁰,
289 1931 423 2019 Vallaffi,
452 1938 600 2018 Sigonius,
628 1932 882 2019 uodelevaeusffli,
912 1930 1083 2018 Modius³⁷³,

63 2028 206 2109 Ursinus,
238 2021 414 2089 Donatus³⁷⁴
447 2034 627 2087 annotarunt
653 2027 689 2087 ad
718 2046 787 2088 eum
815 2035 975 2088 auctorem.
1020 2027 1082 2106 Ego

64 2120 157 2179 etiam
180 2116 397 2178 canicularibus
421 2115 551 2177 conabor
573 2117 794 2195 qualescunque
818 2119 850 2176 in
869 2135 938 2177 eum
957 2119 1083 2196 scripto-

65 2225 131 2267 rem
153 2212 248 2287 notas,
272 2206 380 2286 quibus
399 2205 521 2267 reddam
540 2208 671 2266 rationes
691 2205 931 2266 emendationum
949 2223 1084 2266 mearum

64 2298 98 2356 in
120 2297 188 2374 ipso
210 2301 295 2357 textu
317 2296 462 2356 laetarum
484 2294 697 2374 explicaboque
720 2293 816 2355 obiter
834 2293 984 2374 nonnulla,
1008 2311 1084 2372 quae

65 2384 119 2447 alii
132 2383 289 2464 neglexere
304 2391 335 2445 et
346 2386 469 2446 interim
480 2386 624 2445 intererat
634 2386 712 2445 scire
722 2378 938 2462 iuventuti<s>.
966 2381 1083 2443 Indices

65 2477 99 2534 in
112 2467 293 2534 Tacitum³⁷⁵
312 2491 372 2534 non
391 2476 542 2552 recepisse
560 2480 590 2532 te
607 2475 708 2533 miror.
746 2471 970 2534 Commendavit
982 2474 1084 2533 nescio

66 2564 117 2624 cui
135 2561 244 2624 Norico
267 2565 427 2623 mercatori
450 2564 482 2623 in
502 2562 645 2624 nundinis
662 2561 943 2624 Francluxtensibus
962 2562 1085 2641 Iunger-

66 2670 195 2714 mannus
213 2644 374 2733 noster³⁷⁶;
396 2654 424 2712 ei
443 2652 473 2712 id
491 2654 689 2733 iniunxeram,
709 2671 777 2713 cum
796 2651 833 2712 ob
853 2671 953 2714 aerem
971 2655 1086 2713 varium

67 2760 104 2803 eo
123 2759 283 2802 excurrere
302 2759 363 2802 non
378 2741 527 2803 auderem.
564 2741 599 2802 ln
613 2741 763 2821 Epicadiis
778 2736 980 2821 Lipsianis³⁷⁷,
998 2741 1085 2820 plane

67 2831 221 2892 divinasti:
249 2829 392 2891 Loiolitae
420 2837 522 2891 nostra
550 2833 648 2891 omnia
676 2833 787 2909 insigni
814 2838 903 2891 erunt
925 2837 994 2889 nota
1017 2829 1086 2890 bae-

67 2913 218 2981 reseos³⁷⁸
245 2926 276 2980 et
303 2920 428 2980 haerent
454 2937 534 2980 mmo
561 2920 650 2980 credo
680 2919 757 2998 apud
784 2918 941 2980 Heinsium
968 2917 1086 2979 Leidae.

67 3009 292 3089 Autographum
315 3016 400 3070 tuum
424 3015 504 3070 certe
528 3028 588 3070 non
611 3011 738 3069 invenio.
784 3007 827 3067 Ad
852 3008 930 3087 quod
954 3007 1087 3067 Antvver·

67 3116 138 3178 pam
160 3100 244 3180 misi,
271 3097 376 3159 haberi
399 3101 510 3177 poterit
532 3098 568 3158 ab
591 3097 729 3178 Heinsio,
758 3098 842 3158 cuius
865 3103 978 3177 tamen,
1002 3103 1034 3157 ut
1058 3104 1089 3157 et

68 3186 223 3268 Scaligeri,
247 3189 278 3248 in
299 3187 434 3267 Lipsium
458 3187 556 3248 nullus
580 3187 649 3247 vidi.
695 3186 803 3247 Misere
828 3185 948 3265 quidem
971 3186 1007 3247 ad
1031 3205 1088 3268 me,

68 3277 123 3338 sed
156 3295 216 3339 non
249 3279 339 3337 etiam
366 3276 509 3337 traditum
537 3283 591 3337 est.
637 3274 718 3335 Nihil
745 3275 833 3335 hodie
861 3277 1006 3338 incertius
1034 3283 1089 3358 est,

69 3384 160 3446 quam
183 3364 262 3446 quod
287 3367 400 3426 amicus
423 3368 521 3427 mittat
543 3367 638 3427 amico
661 3383 717 3444 per
739 3366 876 3446 amicum,
900 3385 967 3427 cum
989 3360 1089 3427 tamen

69 3473 139 3517 esse
154 3454 278 3517 deberet
292 3456 500 3517 certissimum.
533 3455 638 3538 ltaque
652 3457 683 3518 si
695 3455 977 3537 exlungermanno
986 3454 1112 3512 xenone

63 3561 126 3603 non
142 3551 258 3625 potero,
282 3546 333 3604 cui
355 3548 549 3612 commiserit
569 3549 697 3614 indices
712 3549 824 3613 'lamii
841 3553 876 3609 et
890 3560 987 3606 meas
1002 3538 1048 3597 ab
1063 3543 1146 3588 vim
