2370 3840
512 160 669 236 epistolae⁸
687 185 689 189 ’
1020 163 1082 229 131

218 303 269 373 90.
300 306 337 376 H.
360 307 589 394 dhederingus
611 305 680 375 Nic.
704 306 938 378 Rittershusio.

48 393 99 448 In
119 392 212 448 Arce
229 392 400 450 Neudeck.
840 400 881 450 23.
902 395 985 452 Mart.
1007 403 1084 456 1629.

135 537 143 551 .
159 538 166 551 .
181 488 303 552 Nicolao
325 488 526 552 Rittershusio
550 490 617 552 lCto
633 539 640 552 .
656 539 663 552 .
678 492 808 569 Dantzig.

135 579 165 640 S.
189 587 220 641 et
237 578 271 641 0.
311 578 482 641 Clarissimo
505 579 629 642 Domine
648 577 778 661 Nicolae,
803 581 897 641 amice
920 579 1082 659 plurimum

57 666 205 731 colende!

135 756 168 818 Si
191 775 227 817 ex
252 755 370 818 silentio
392 759 483 819 unius
506 765 558 819 aut
579 758 703 820 alterius
727 760 908 838 septimanae
932 777 1032 820 meum
1051 762 1083 821 in

61 847 107 908 Te
141 863 274 930 amorem
301 845 463 926 quidquam
490 849 680 908 imminutum
708 850 770 909 sive
799 847 897 909 credis
923 849 985 908 sive
1013 867 1082 910 con-

63 937 144 1016 iicis,
164 953 247 996 erras
268 937 389 996 omnino
408 942 438 996 et
456 953 504 997 me
523 938 643 1015 ignoras
661 939 789 1016 penitus.
819 936 893 997 Cum
908 937 1032 998 antehac
1046 938 1082 999 ad

65 1041 204 1086 sororem
226 1023 400 1106 scriberem,
422 1024 532 1085 multae
555 1043 603 1086 me
627 1044 733 1087 causae
752 1044 769 1086 a
788 1033 837 1086 tua
856 1025 1081 1105 compellatione

65 1111 266 1194 retrahebant,
288 1111 426 1192 pubhcae
448 1115 543 1193 magis
568 1133 656 1194 quam
679 1117 820 1196 privatae,
843 1115 970 1194 ideoque
993 1133 1041 1176 me
1064 1135 1082 1178 a

64 1203 141 1263 meis
170 1201 248 1281 apud
271 1202 313 1263 Te
341 1201 398 1263 hoc
420 1204 541 1263 nomine
565 1204 601 1264 ad
625 1211 744 1283 tempus
767 1206 904 1264 excusari
926 1203 1020 1286 volui,
1047 1212 1081 1266 ut

65 1292 209 1372 nesciam,
228 1292 296 1370 quis
310 1291 352 1352 Te
367 1292 568 1371 impatientiae
584 1295 690 1371 genius
704 1293 741 1353 ad
756 1292 892 1372 querelas
907 1293 1081 1373 abripuerit.

64 1379 180 1452 Quibus
212 1379 378 1442 remedium
407 1382 560 1443 iam-nunc
587 1380 708 1443 allatum
735 1389 807 1462 puto
835 1381 871 1442 ab
900 1381 973 1463 illis,
1006 1401 1081 1462 quas

65 1468 121 1531 suh
145 1470 265 1531 initium
288 1471 453 1550 superioris
475 1471 588 1531 mensis
611 1470 648 1531 ad
671 1471 712 1532 Te
736 1489 804 1531 cum
823 1469 959 1531 distichis
977 1474 1080 1549 paucis

63 1557 242 1638 lugubribus
270 1557 411 1637 ablegari.
456 1557 639 1620 Solutionem
668 1558 775 1639 debiti,
803 1559 882 1638 quod
905 1558 981 1638 apud
1005 1557 1079 1619 Nob.

62 1647 117 1709 bn
136 1647 350 1709 llainhoicrum
373 1645 525 1709 Perbantii
552 1650 612 1708 iam
635 1647 706 1708 olim
729 1654 954 1728 contraxerunt,
982 1649 1079 1709 neuti-

64 1755 155 1816 quam
178 1755 258 1799 nunc
276 1754 383 1818 urgeo;
406 1736 518 1797 sufficit
536 1737 734 1817 syngrapham
752 1737 887 1815 recipere
906 1734 942 1796 ab
962 1753 1006 1818 ec,
1030 1739 1079 1798 oui

62 1827 109 1888 Tu
135 1825 218 1887 illam
245 1827 429 1887 commisisti.
476 1825 526 1887 Sic
553 1828 635 1887 enim
662 1828 758 1887 exacti
784 1823 865 1886 illius
888 1827 966 1886 aeris
990 1825 1079 1887 alieni

63 1917 265 1995 suspicionem
284 1914 361 1994 apud
375 1913 428 1975 Dn.
442 1913 657 1976 Hainhcfernm
673 1914 799 1997 evitaho,
818 1917 844 1976 si
858 1916 933 1975 lorte
948 1913 1077 1994 aliquam
1110 1988 1112 1991 Ι

63 2006 162 2065 animo
187 2005 330 2083 concepit.
366 2002 470 2064 Fidem
494 2011 525 2064 et
547 2004 706 2065 candorem
729 2023 830 2066 meum
853 2002 990 2064 omnibus
1008 2023 1078 2084 pro-

61 2092 132 2155 hare
161 2092 266 2154 studeo
293 2110 350 2153 nco
378 2091 474 2153 solum
501 2110 518 2153 a
545 2096 684 2175 crimine,
712 2095 764 2155 sed
791 2095 880 2154 etiam
903 2111 919 2152 a
943 2095 1078 2154 criminis

62 2183 233 2262 suspicione
255 2179 342 2260 longe
366 2179 470 2242 abesse
494 2181 569 2243 volo.
611 2183 709 2254 Quare
733 2183 763 2243 id
788 2199 908 2261 operam
927 2179 1021 2261 dabis,
1044 2188 1078 2242 ut

61 2289 76 2332 a
94 2270 204 2332 Rernh
221 2269 350 2331 Doblero
368 2269 498 2331 Thorun.
517 2277 598 2331 certa
618 2272 715 2350 prima
734 2272 888 2331 occasione
907 2269 1077 2329 remittatur

60 2358 240 2440 syngrapha,
268 2360 295 2420 si
321 2359 421 2420 minus
449 2378 587 2421 nummos
615 2379 631 2419 a
659 2361 787 2420 morosis
812 2355 998 2417 debitoribus
1020 2376 1076 2436 per

60 2448 115 2510 hos
138 2465 233 2509 annos
255 2456 433 2527 extorquere
457 2451 560 2527 potuit.
604 2448 719 2509 Statum
741 2445 895 2528 publicum
917 2444 1075 2507 Borussiae

59 2556 96 2598 ne
128 2536 220 2599 verbo
251 2536 372 2616 quidem
400 2539 535 2619 attingis,
566 2537 678 2598 nedum
705 2537 845 2617 exphcas.
891 2536 982 2596 Soror
1009 2554 1076 2597 mea

58 2625 136 2688 lecto
169 2626 257 2686 affixa
287 2643 393 2706 parum
424 2626 460 2686 dc
489 2644 524 2687 eo
552 2633 604 2687 aut
630 2626 706 2688 nihil
732 2627 815 2688 novit
841 2642 897 2687 nec
925 2624 976 2686 alii
1003 2629 1076 2687 satis

59 2722 271 2794 assequuntur.
294 2714 327 2775 Si
341 2713 526 2776 tolerabilem
541 2716 605 2776 iore
620 2724 780 2799 constaret,
794 2715 831 2776 ad
845 2732 927 2775 meos
941 2717 1076 2795 proxima

58 2811 171 2866 aestate
203 2805 411 2886 remigrarem3
442 2803 491 2864 hic
519 2807 599 2865 enim
627 2807 659 2866 in
685 2807 772 2886 peius
801 2806 899 2865 omnia
926 2808 1017 2863 ruunt
1045 2810 1076 2863 et

57 2901 141 2956 retro
164 2892 304 2973 sublapsa
322 2893 467 2955 feruntur.
504 2892 542 2953 Et
558 2896 643 2973 regio
662 2903 692 2955 et
710 2895 815 2974 religio
834 2894 914 2953 varie
933 2891 1074 2970 affligitur

57 3001 113 3046 nec
142 2981 221 3045 ullus
248 2981 395 3045 malorum
423 2983 491 3042 finis
518 2990 642 3062 apparet
670 2983 796 3045 durante
819 2980 897 3042 hello
920 2982 978 3041 isto
1002 2978 1074 3040 Ger-

56 3074 186 3134 manico.
221 3071 301 3133 llaec
324 3072 361 3134 ad
379 3070 421 3133 l'e
444 3071 499 3133 hac
522 3073 586 3132 vice
607 3070 697 3154 volui,
720 3079 753 3134 ut
772 3069 945 3151 scrupulum
963 3069 1073 3129 exime-

55 3180 136 3243 rem,
164 3179 253 3241 quem
281 3179 364 3222 mora
391 3162 528 3240 responsi
555 3163 666 3240 prioris
694 3164 846 3222 iniecerat.
897 3158 982 3221 Nunc
1010 3157 1073 3218 vale

55 3258 86 3314 ct
114 3250 152 3311 de
181 3253 330 3312 constanti
357 3269 422 3312 mea
449 3252 481 3311 in
504 3250 545 3311 Te
569 3249 720 3311 voluntate
743 3249 842 3312 nullus
865 3250 897 3308 in
919 3254 1074 3327 posterum

55 3339 169 3402 dubita.
215 3339 297 3421 Sum,
320 3340 372 3421 ini,
395 3356 446 3400 ero

102 3429 186 3490 'l'uns
209 3431 292 3490 omni
309 3447 389 3490 nexu
407 3436 438 3490 et
457 3428 554 3490 officio
573 3428 799 3490 llermaunus
816 3427 1035 3501 lchderinq,

96 3516 167 3578 Dab,
190 3519 227 3577 io
247 3517 337 3579 Arce
361 3517 550 3608 Neudeck,
575 3517 633 3588 23.
648 3517 884 3585 llartiilh‘hh.
921 3613 959 3667 ψ
