2370 3840
514 171 654 243 epistolae

279 347 330 421 30.
361 352 388 422 l.
413 353 573 423 Gruterus
597 354 629 423 c.
651 355 886 425 Rittersbusio.

68 473 363 548 (Heidelbergae).
706 536 707 540 ,
848 485 889 536 13.
911 480 987 551 Sept.
1007 487 1088 542 toas.

139 588 369 669 Epithalamium
397 599 482 653 tuum
510 600 541 653 et
563 591 595 652 D.
619 591 745 655 Gentilis
768 601 829 654 tam
852 602 1017 674 opportune
1042 616 1089 658 ac·

69 679 154 761 cidit,
177 687 211 740 ut
228 679 304 741 nihil
323 699 420 760 supra.
456 679 525 761 Ipso
544 681 591 742 die
612 682 674 744 scil.
694 676 910 763 nuptiarum¹⁵⁹
928 685 965 746 ad
983 704 1090 747 manus

68 785 154 830 meas
182 772 331 851 pervenit,
359 769 438 848 quod
466 789 526 832 non
554 773 638 850 potui
665 791 725 833 non
749 775 881 852 arripere
903 792 958 852 pro
983 793 1089 836 secun-

69 860 197 920 dissimo
221 861 334 921 omine:
357 878 450 938 eaque
473 867 597 939 propter
620 863 709 922 etiam
730 862 814 922 vobis
832 862 925 923 multo
944 867 1089 925 maximas

69 968 127 1028 ago
151 948 305 1029 habeoque
328 950 448 1029 gratias,
471 951 635 1010 amicorum
658 953 862 1012 sincerissimi.
908 952 952 1014 Ita
973 953 1089 1035 loquor,

70 1037 153 1118 quod
180 1057 260 1099 nunc
288 1037 363 1098 nihil
391 1038 520 1099 scribam
542 1039 575 1100 D.
599 1038 723 1122 Gentili,
754 1043 805 1120 qui
828 1059 898 1102 sane
922 1061 982 1104 non
1005 1050 1090 1104 curat

70 1127 174 1206 legere
197 1127 312 1188 litteras
335 1130 427 1188 meris
450 1134 566 1189 tantum
589 1129 715 1191 refertas
739 1132 902 1210 gratiaram
921 1132 1088 1193 actionibus

69 1224 103 1278 et
130 1235 185 1295 ego
214 1216 345 1295 alioquin
373 1219 432 1277 iam
459 1219 608 1296 integrum
636 1237 771 1280 mensem
799 1238 867 1280 cum
890 1221 995 1282 morbo
1018 1239 1089 1282 con-

69 1307 202 1366 ssictatus
225 1324 285 1366 non
309 1306 425 1367 sufficio
445 1309 601 1385 scriptioni
620 1307 738 1369 multae.
775 1308 903 1370 Tantum
922 1309 1010 1372 libuit
1027 1313 1089 1372 tuis

70 1395 254 1478 rescribere,
277 1397 372 1456 amice
395 1394 591 1477 Rittershusi,
614 1397 693 1477 quod
717 1406 747 1458 et
770 1397 878 1459 alteras
900 1418 996 1479 nuper
1019 1419 1035 1460 a
1058 1408 1089 1460 te

70 1487 253 1567 receperim,
282 1483 391 1564 quibus
418 1491 452 1546 ut
479 1485 677 1570 respondeam
699 1495 749 1548 tua
772 1488 849 1548 sorte
872 1491 1006 1549 interest.
1052 1489 1090 1548 Et

70 1575 110 1634 de
139 1573 238 1634 Coleri
270 1577 401 1634 carmine
434 1577 524 1635 etiam
556 1593 610 1653 ego
639 1578 668 1636 ei
694 1574 796 1654 plures
824 1580 948 1636 memini
975 1585 1089 1654 grates:

68 1672 172 1724 tamen
200 1665 277 1724 scire
306 1681 460 1745 cuperem,
487 1664 609 1725 ubinam
636 1664 737 1744 degat,
763 1672 797 1725 ut
824 1683 879 1744 per
902 1668 1089 1726 occasionem

70 1752 208 1832 epistolis
239 1755 304 1813 eius
327 1751 394 1813 aliis
416 1753 599 1814 redhostiam
623 1755 786 1834 sciamque,
815 1753 932 1832 quando
956 1754 1089 1834 pericula

71 1845 138 1903 eius
153 1835 348 1903 luvenalia¹⁶⁰
363 1842 461 1903 lucem
480 1845 541 1903 sint
555 1845 662 1904 visura.
694 1842 829 1922 Praelegi
842 1850 958 1922 partem
972 1851 1088 1923 postre-

70 1949 139 1992 mae
162 1938 231 1992 tuae
255 1931 407 2013 epistolae,
431 1950 488 2011 qua
512 1933 549 1992 ad
567 1932 721 1993 Postbium
745 1940 822 2013 erat3
845 1935 872 1992 is
896 1933 933 1993 de
956 1933 1015 1993 tide
1035 1952 1088 1994 sua

71 2039 197 2082 securus
216 2027 271 2101 est,
288 2027 404 2082 tentum
422 2023 571 2082 tramittas
589 2024 744 2083 occasione
760 2030 934 2102 opportuna.
967 2023 1089 2084 Gaudeo

69 2128 127 2188 ego
152 2127 223 2170 sane
246 2109 430 2189 aliquantum
453 2111 617 2172 adiumenti
640 2111 775 2172 attulisse
798 2110 879 2172 MSS.
907 2112 974 2172 illos
998 2111 1088 2173 Codd.

70 2209 103 2260 et
130 2217 238 2278 precor
260 2197 338 2260 [leae
361 2199 506 2281 Perticae,
534 2199 611 2260 Deae
635 2199 787 2262 Perennae
811 2201 926 2280 Annae,
955 2209 988 2261 ut
1010 2200 1088 2261 liber

69 2283 167 2349 ἱΙΙθ161
199 2295 269 2349 tuus
302 2288 431 2349 feliciter
457 2289 588 2369 prodeat.
638 2288 738 2350 Debeo
767 2307 821 2367 ego
851 2292 879 2348 el
907 2291 1089 2368 epigramma

70 2370 231 2459 meum¹⁶23
263 2377 316 2438 sed
349 2396 418 2439 cum
450 2378 565 2439 videam
596 2385 627 2438 te
660 2377 755 2437 adhuc
788 2377 911 2437 haerere
940 2378 976 2438 de
1004 2385 1088 2457 typo-

69 2466 198 2548 grapho,
220 2485 281 2527 non
303 2474 376 2546 puto
399 2467 473 2527 mihi
496 2466 706 2527 festinandum.
742 2466 817 2526 Male
838 2466 971 2545 prolecto
992 2470 1090 2546 agitur

70 2573 142 2617 cum
164 2555 317 2637 litteratis,
347 2556 426 2636 quod
455 2576 523 2618 cum
551 2558 714 2618 immensos
742 2555 935 2617 exanclarunt
962 2556 1090 2638 labores,

30 2687 34 2693 ·
69 2653 175 2725 postea
208 2652 306 2705 tamen
340 2646 526 2706 emendicare
560 2664 678 2725 quoque
709 2646 837 2706 debeant
863 2647 1090 2726 typographum,

71 2736 125 2813 qui
153 2735 245 2813 gratis
273 2752 325 2794 eos
348 2734 482 2796 excudat.
528 2735 712 2796 Wecheliani
734 2735 861 2797 heredes
869 2729 907 2768 ¹⁶³
929 2736 1089 2796 admodum

70 2833 142 2884 simt
165 2830 284 2884 tenaces
307 2842 364 2885 uec
386 2822 496 2884 hahent
516 2842 622 2885 manus
645 2826 706 2885 nisi
729 2824 859 2885 oculatas
867 2817 912 2883 ¹⁶4.
950 2822 1089 2885 Putarem

71 2915 197 2992 aequius
221 2915 347 2992 transigi
370 2931 459 2993 posse
483 2932 551 2974 cum
575 2913 640 2974 aliis
660 2913 729 2994 illis,
753 2916 805 2993 qui
824 2919 894 2973 sunt
911 2911 1090 2993 Francfurti,

70 3001 214 3063 Fischero
248 3010 278 3063 et
305 2996 438 3083 Tach¹⁶⁵,
469 3005 511 3063 ita
543 3003 665 3081 quidem
696 3011 730 3063 ut
761 3009 881 3082 praeter
909 3000 1089 3079 exemplaria

71 3094 188 3153 nummi
210 3091 303 3171 aliqui
325 3091 381 3152 tibi
404 3092 587 3153 obvenirent.
625 3091 684 3152 Sed
708 3099 739 3151 et
757 3091 835 3151 loan.
854 3088 999 3150 Wechelii
1022 3108 1089 3150 suc-

71 3199 175 3242 cessor
197 3199 257 3241 non
280 3184 400 3261 ineptus
424 3180 542 3243 dicitur.
580 3180 781 3241 Commelinus
800 3186 903 3239 noster
921 3179 1006 3239 facile
1025 3197 1091 3240 rem

71 3272 240 3349 susciperet
261 3278 343 3352 puto,
367 3270 419 3331 sed
443 3273 592 3331 cunctatio
617 3273 682 3330 eius
705 3275 774 3330 nota
797 3268 853 3329 tibi
877 3273 931 3329 est.
968 3271 1013 3329 An
1034 3288 1090 3330 un-

70 3377 162 3439 quam
186 3357 330 3420 Senecam
357 3377 458 3421 meum
483 3367 513 3419 et
534 3351 859 3420 Animadversiones¹⁶⁶
887 3357 923 3418 ab
948 3377 982 3419 eo
1006 3376 1090 3419 rece-

68 3450 168 3530 peris,
200 3449 277 3508 scire
310 3451 412 3531 cupio;
444 3450 530 3531 item,
563 3449 636 3531 quid
666 3447 727 3510 tibi
751 3447 912 3530 placeant,
931 3455 975 3505 ut
1002 3454 1040 3502 cx
1060 3462 1109 3499 axx

63 3554 127 3598 non
158 3537 231 3594 satis
258 3545 403 3616 proterve
434 3548 507 3621 post
539 3549 572 3605 te
601 3540 779 3618 Querulum
802 3532 1043 3622 perlustramus.
1075 3523 1140 3577 mc».
