2370 3840
96 160 119 223 4
525 155 674 227 Epistolue

98 310 169 369 sicas
193 306 305 386 aliquot
324 305 452 367 Graecos
471 305 639 367 Aristotelis
663 308 842 385 interpretes
864 314 895 368 et
912 307 1047 369 Venetiis
1066 315 1120 369 tua

99 415 202 478 opera,
231 414 302 457 auro
326 395 476 456 Badhorni
504 413 570 455 esse
598 402 713 474 emptos
741 402 772 456 et
797 398 931 475 integros
959 416 1028 457 cum
1057 400 1120 458 tuis

98 487 184 547 libris
207 484 338 565 Lipsiam
362 485 507 545 advectos.
549 483 706 544 Badhorno
729 484 776 544 his
799 485 895 546 literis
918 504 973 564 ago
996 489 1121 567 gratias,

98 575 151 637 ubi
184 574 219 635 ad
252 593 307 635 uos
336 574 473 654 redierit,
506 590 594 652 quam
621 576 752 653 primum
780 577 896 634 occasio
924 575 999 635 mihi
1027 575 1121 636 luerit

99 664 210 745 oblata,
239 670 365 744 quantas
392 680 529 742 possum,
556 662 693 723 referam.
740 662 808 723 Tibi
830 682 900 723 vero
923 663 1057 742 gratulor
1081 664 1120 724 de

99 754 199 815 reditu
232 755 264 813 in
296 746 453 832 patriam¹⁹
482 758 512 812 et
539 770 593 830 pro
622 770 694 812 auro
722 760 891 834 argentum,
922 752 1121 814 loachimicos

100 841 216 903 scilicet
230 842 360 902 sedecim
376 859 444 901 cum
459 840 591 922 dimidio,
610 843 730 901 remitto
745 861 813 901 cum
827 841 935 902 famulo
950 837 1121 923 Borneri20,

99 940 134 993 ut
155 934 253 1010 primo
278 949 397 1010 quoque
421 937 555 1009 tempore
579 930 794 991 mercatoribus
817 929 935 1009 Lipsiae
961 938 1121 1010 argentum

100 1041 117 1085 a
145 1029 174 1081 te
203 1022 368 1100 numerari,
396 1018 553 1079 Badborno
581 1021 613 1079 in
635 1018 718 1079 ltalia
746 1038 851 1080 aurum
875 1019 911 1079 ab
934 1022 1008 1099 ipsis
1032 1020 1122 1081 reddi

100 1111 205 1190 possit
243 1109 284 1170 lle
307 1109 444 1190 pecunia,
468 1125 543 1187 quae
566 1107 681 1186 reliqua
701 1111 767 1189 erit,
791 1127 868 1189 nam,
891 1111 923 1169 ni
942 1107 1036 1189 fallor,
1061 1113 1122 1171 erit

101 1197 209 1278 aliqua,
232 1216 287 1276 pro
312 1203 432 1257 vectura
456 1197 561 1257 solves,
602 1195 708 1257 Libros
733 1197 892 1276 diligenter
915 1216 1122 1278 servansque

102 1305 146 1367 eo,
170 1286 241 1346 dum
265 1304 316 1346 eos
340 1304 356 1345 a
381 1292 410 1346 te
433 1293 532 1364 petam
555 1285 659 1347 literis.
706 1285 828 1346 llemini
850 1286 1020 1347 Fabricium
1045 1290 1121 1348 ami-

102 1394 169 1437 cum
193 1382 329 1436 nostrum
353 1393 474 1434 narrare
499 1383 529 1434 te
554 1374 650 1435 sulfur
673 1375 845 1456 candidum,
873 1376 952 1455 quod
976 1374 1122 1457 Campani

102 1466 270 1543 virgineum
299 1462 460 1545 appellant,
488 1462 644 1542 collegisse
672 1466 704 1524 in
732 1464 860 1543 planicie
889 1464 939 1525 illa
962 1464 1122 1548 sullurosa,

102 1571 178 1633 quae
202 1560 247 1614 est
270 1555 349 1614 inter
372 1551 527 1632 Neapolim
551 1560 580 1613 et
603 1548 781 1614 Puteolos²1.
828 1552 920 1615 Cuius
943 1554 1122 1632 particulam

102 1650 190 1722 atque
214 1642 286 1704 alias
309 1661 359 1704 res
383 1641 510 1724 fossiles,
534 1644 561 1702 si
584 1661 658 1721 quas
681 1650 781 1703 tecum
803 1644 939 1724 portasti,
962 1643 998 1703 ad
1019 1662 1069 1704 me
1088 1652 1124 1706 ut

102 1734 217 1814 mittas,
245 1732 437 1793 vehementer
465 1749 551 1812 rogo,
579 1739 642 1791 tum
671 1734 774 1813 etiam,
801 1738 835 1793 ut
857 1751 912 1811 per
936 1734 1030 1794 otium
1054 1732 1123 1794 dili·

102 1823 276 1900 gentissime
308 1821 343 1881 ad
372 1839 420 1880 me
448 1818 632 1900 perscribas,
664 1820 736 1899 quid
763 1820 901 1882 Horstius
929 1821 966 1882 de
994 1824 1123 1900 gemmis

103 1910 198 1988 deque
222 1908 288 1968 aliis
312 1908 402 1968 rebus
424 1907 525 1968 multis
545 1911 661 1969 sentiat.
699 1909 767 1970 Vale
787 1916 817 1969 et
835 1928 926 1989 perge
944 1928 1035 1989 porro
1055 1930 1124 1972 mea

103 1997 199 2058 studia
224 1999 333 2058 iuvare.

146 2112 363 2192 llempnicii,
387 2112 448 2181 llll.
469 2112 527 2173 Cal.
546 2112 618 2191 Aug.
643 2131 720 2173 anno
739 2113 776 2174 M.
797 2113 828 2175 ll.
848 2113 960 2176 XLllll.

698 2227 877 2308 Georgius
899 2231 1076 2309 Agricola.

348 2540 378 2610 3.
415 2542 451 2609 u.
469 2542 628 2630 Agricola
646 2543 701 2614 W.
719 2544 879 2612 llourero.

102 2644 307 2716 Kompnicii.
886 2655 929 2706 26.
948 2650 1021 2720 Aug,
1042 2656 1121 2707 1544.

168 2777 294 2840 Doctiss.
321 2775 498 2856 philosopho
521 2796 555 2837 ac
573 2777 689 2838 medico
709 2778 737 2840 d.
756 2779 793 2839 ll.
808 2779 966 2859 Vollgango
984 2779 1124 2843 Meurero

104 2869 199 2927 amico
214 2885 278 2927 suo.
306 2864 436 2945 Lipsiae.
466 2867 569 2927 XXX.
583 2871 714 2943 Augusti
721 2869 818 2932 1544.
845 2871 953 2945 deora.
967 2873 1125 2946 Agricola.

172 2974 201 3035 S.
220 2973 382 3053 Negotium
401 2972 491 3034 Paulo
509 2973 615 3033 Manno
639 2973 793 3036 tabellario
818 2975 886 3036 dedi
909 2975 1014 3037 diebus
1035 2995 1125 3058 supe-

107 3062 247 3144 rioribus,
264 3071 299 3124 ut
318 3082 355 3124 ex
374 3070 403 3124 te
423 3069 590 3144 quaereret,
609 3070 709 3124 utrtmi
728 3067 894 3145 pecuniam,
912 3084 967 3144 per
985 3065 1126 3145 Egidium

106 3147 301 3212 Misnerum²²
326 3152 362 3213 ad
381 3159 411 3212 te
430 3154 561 3232 missam,
584 3155 736 3232 acceperis
754 3167 857 3214 necne:
893 3153 921 3213 ls
940 3156 981 3214 ait
1000 3172 1126 3234 respon-

107 3240 201 3319 disse,
227 3249 382 3319 argentum
407 3260 473 3302 esse
497 3241 598 3301 datum
622 3249 710 3321 teque
735 3242 829 3303 literis
852 3242 908 3303 hoe
931 3245 1028 3322 ipsum
1051 3245 1127 3306 mibi

107 3330 301 3408 significasse.
349 3330 407 3391 Sed
436 3349 504 3414 cum
532 3329 628 3391 nullas
657 3333 837 3411 acceperim,
864 3349 950 3412 rogo,
975 3340 1006 3393 ut
1029 3351 1064 3394 ea
1088 3334 1126 3395 de

108 3435 141 3478 re
172 3436 251 3479 nunc
281 3436 329 3478 me
358 3421 518 3480 certiorem
545 3419 644 3480 iacias.
690 3419 781 3480 Dabis
809 3422 898 3481 etiam
925 3421 995 3482 huic
1021 3430 1126 3485 nostro

90 3504 293 3587 bibliopolae,
323 3525 394 3569 cum
424 3508 551 3571 redierit
574 3527 591 3571 e
612 3508 825 3590 blerseburgo,
845 3514 1071 3572 commentarios
1094 3514 1128 3573 in
