2370 3840
121 166 165 229 48
547 167 569 222 L
589 166 702 222 crateri

121 319 299 376 mitteretur.
345 315 404 375 Sed
431 334 488 376 nec
514 318 628 395 patitur
654 316 734 377 istud
762 324 813 377 aut
837 334 922 378 amor
944 318 978 376 in
1000 324 1032 378 te
1055 335 1132 378 meus

121 413 172 465 aut
190 407 255 464 eius
273 405 478 483 flagitationes.
514 404 595 465 Adeo
613 414 709 466 totum
727 406 807 466 diem
825 407 1025 486 praeteritum
1039 414 1133 486 postu·

121 494 191 554 lam
210 496 295 572 quasi
312 492 425 574 pipulo,
442 496 488 554 uti
507 513 539 554 se
558 512 715 554 onerarem
732 494 850 576 litteris,
868 495 949 575 quod
962 502 998 556 ut
1012 513 1134 575 aequum

122 585 198 644 l'orte
221 583 316 644 sideri
340 590 442 663 queat,
464 591 495 643 at
517 583 574 643 hoc
595 586 829 665 iniquissimum,
851 584 941 665 quod·
955 585 1033 646 adeo
1056 585 1134 646 dere-

121 681 210 752 pente
244 691 277 732 se
308 690 344 732 ex
378 672 472 732 oculis
500 674 603 753 eripit,
633 675 716 733 risus
743 681 873 754 tantum,
904 692 966 734 non
992 677 1134 754 pervisus.

122 762 334 824 Debuissemns
353 764 434 821 enim
448 761 561 822 diutius
575 769 658 822 tanta
671 764 738 822 eius
751 761 885 824 bonitate
898 770 989 842 atque
1006 764 1135 824 doctrina

121 869 181 912 non
205 854 249 912 uti
272 850 377 931 solum,
401 850 453 910 sed
477 852 566 910 etiam
589 851 657 911 frui.
695 850 781 912 Nunc
804 848 899 932 quid?
935 851 1021 913 Adeo
1042 851 1135 914 subito

122 940 216 1001 arolat
243 943 328 1019 quasi
356 939 495 1025 aquilinis
522 942 643 1020 pennis,
670 948 705 1000 ut
726 943 776 1001 vix
798 941 856 1002 boc
877 940 1001 1003 licuerit
1025 959 1136 1004 summo

122 1031 318 1109 praecipitare
342 1048 438 1109 mane,
461 1047 520 1107 quo
543 1031 638 1090 scires
660 1028 774 1090 dudum
796 1030 989 1111 respondisse
1012 1049 1061 1092 me
1079 1033 1136 1111 epi·

123 1118 214 1179 stolae
242 1127 311 1179 tuae
335 1124 364 1177 et
386 1120 589 1178 transmisisse
609 1117 779 1179 Frauclurti
802 1113 887 1203 (sic).
933 1119 1022 1182 Nunc
1044 1128 1136 1181 autem

124 1210 200 1285 rire,
228 1206 304 1286 vale,
331 1209 375 1266 mi
396 1206 591 1288 Rittershnsi,
614 1210 664 1268 cui
687 1207 757 1268 licet
780 1209 982 1270 amicissimus
1007 1217 1135 1270 restrum

122 1303 222 1355 tamen
249 1295 366 1355 invideo
394 1295 577 1376 Scipionem,
605 1296 678 1357 adeo
701 1295 801 1358 Musae
830 1315 935 1359 omnes
962 1305 995 1359 et
1024 1298 1136 1360 Gratiae

123 1386 239 1463 pectori
262 1386 327 1444 eius
350 1385 481 1445 insident
504 1392 534 1446 et
556 1387 610 1446 ori.

166 1490 336 1573 Heidelb,
359 1491 408 1552 die
435 1488 485 1553 17.
510 1493 590 1573 Sept.
613 1492 736 1554 ltuvlc.

166 1592 491 1660 Animadversiones²²³
509 1617 589 1660 nunc
608 1599 728 1660 demum
746 1597 802 1659 tibi
817 1597 970 1661 exhibebit
985 1594 1135 1682 Scipio²²⁴,

122 1688 209 1749 modo
233 1708 270 1750 ne
294 1707 344 1749 eas
367 1707 383 1747 a
407 1686 590 1748 Commelino
614 1696 716 1768 petere
739 1687 901 1767 negligens.

327 1946 378 2015 38.
411 1949 437 2016 1.
461 1949 621 2018 Gruterus
644 1950 676 2017 0.
699 1949 935 2019 Rilterebnsio.

123 2069 388 2141 Heidelbergae.
825 2079 866 2128 tr.
884 2072 975 2143 April.
995 2073 1138 2144 (1695)”⁶.

190 2185 226 2246 At
248 2186 324 2245 tanti
346 2203 406 2245 non
426 2192 489 2246 erat
507 2184 637 2267 Plautus,
659 2188 751 2247 immo
769 2204 825 2247 nec
843 2188 909 2266 ipse
928 2186 1004 2248 deus
1023 2188 1139 2268 Comus,

123 2282 156 2336 ut
193 2275 259 2336 ideo
293 2293 395 2336 carere
428 2274 582 2335 debuerim
615 2277 810 2354 optatissimis
841 2278 902 2337 tuis
934 2274 1055 2338 litteris.
1105 2276 1139 2336 Et

124 2364 295 2426 subirascor
318 2383 388 2425 sane
412 2363 542 2444 Posthio,
567 2366 593 2423 si
615 2366 680 2444 ipse
704 2363 753 2425 ille
773 2383 862 2426 causa
880 2365 938 2429 tuit
955 2367 1001 2426 tui
1020 2365 1139 2445 silentii,

123 2471 302 2532 quamquam
329 2461 429 2515 tamen
455 2461 489 2514 tu
516 2448 621 2534 (non)
648 2455 680 2514 in
703 2455 818 2515 minore
841 2472 926 2516 noxa.
971 2453 1039 2516 Etsi
1062 2458 1140 2518 enim

124 2541 248 2601 fuissem
270 2541 377 2621 perdiu
401 2551 430 2603 et
452 2560 565 2622 pernox
586 2545 618 2602 in
642 2545 754 2604 comico
774 2542 834 2625 illo,
858 2551 1007 2605 attamen
1025 2551 1141 2607 tantum

124 2637 204 2690 certe
229 2629 379 2691 subsecivi
402 2630 519 2711 clepere
542 2632 709 2712 potuissem
731 2634 884 2714 temporis,
908 2632 988 2713 quod
1011 2636 1076 2697 tuis
1096 2634 1141 2696 lit·

123 2720 197 2780 teris
221 2719 438 2799 respondendis
462 2722 656 2800 impertirem.
697 2721 783 2783 Nunc
808 2723 928 2801 quidem
950 2721 1050 2785 nullas
1074 2743 1092 2786 a
1113 2732 1141 2785 te

123 2811 223 2889 recepi
243 2812 301 2870 nisi
321 2828 393 2889 quas
409 2809 535 2871 Gentilis
554 2818 657 2871 noster
670 2829 814 2891 praesens
828 2813 980 2891 praesenti
995 2812 1141 2896 exhibuit,

123 2899 213 2959 immo
241 2899 317 2960 nihil
344 2901 459 2961 interea
487 2898 523 2959 de
546 2906 576 2959 te
600 2919 655 2979 per
678 2900 784 2961 lamam
808 2899 955 2982 intellexi,
977 2903 1039 2963 nisi
1063 2902 1141 2982 quod

123 2996 266 3067 cognatus
294 2989 355 3049 Van
384 2989 438 3049 der
460 2981 601 3072 Hagen*)
631 2989 745 3050 diceret
772 2998 802 3050 te
826 2997 906 3051 recte
930 2989 1044 3073 valere,
1074 3010 1141 3053 cnm

122 3094 218 3156 nuper
254 3078 312 3139 huc
350 3078 528 3139 adventaret.
578 3080 615 3138 At
647 3096 701 3156 ego
733 3086 767 3140 ut
801 3081 833 3138 in
864 3078 967 3153 Plauto
1001 3081 1140 3143 assiduus

122 3165 240 3248 luerim,
262 3186 366 3228 verum
389 3187 459 3229 sane
483 3185 542 3228 non
564 3174 619 3248 est,
643 3169 734 3228 immo
754 3167 820 3229 aliis
839 3170 921 3229 curis
939 3176 971 3230 et
992 3169 1141 3232 molestiis

123 3254 167 3312 sic
191 3253 309 3337 obruor,
333 3264 365 3317 ut
388 3256 481 3318 libros
504 3259 553 3316 vix
576 3263 702 3336 tangam.
740 3256 778 3318 Et
800 3245 855 3317 na'e
874 3245 996 3318 Themis
1020 3259 1141 3322 fatidica

122 3340 244 3418 regebat
275 3343 427 3406 dexteram
459 3353 553 3426 tuam,
585 3348 627 3405 mi
655 3344 849 3428 Rittershusi,
882 3365 952 3408 cum
980 3347 1141 3430 scriberes,

122 3464 132 3471 .
140 3464 153 3471 .-
160 3464 336 3474 ...nn-...—

178 3532 204 3602 ⁴⁶)
222 3530 288 3591 eod.
315 3535 471 3614 Verbaqen,
493 3536 547 3596 aed
565 3534 649 3594 idem
666 3534 847 3605 siguibcubur
863 3549 900 3587 ac
910 3552 941 3601 n.
954 3538 1060 3600 tm,
1070 3543 1118 3592 lit.
