2370 3840
132 178 172 243 16
520 232 523 236 Α
564 172 711 244 Epistolae

128 328 300 406 comitatus,
330 343 365 385 eo
399 323 512 384 salvum
544 323 653 384 deduxi
683 331 713 383 et
742 322 830 383 hodie
861 329 1017 384 revertens
1049 327 1148 404 reperi·

127 415 206 476 hunc
220 433 347 493 puerum
361 413 438 492 apud
453 430 517 493 noS,
532 415 584 491 qui
597 430 645 473 me
661 430 713 472 sex
727 412 792 472 dios
803 417 899 471 —tot
914 413 997 472 enim
1011 412 1096 475 ablui
1106 447 1143 457 —

129 523 196 564 cum
219 504 266 564 his
289 502 399 565 litteris
422 503 471 563 hic
494 503 684 581 exspectavit,
708 519 781 580 quas
804 499 861 561 tibi
883 508 1047 580 propterea
1070 522 1145 564 nunc

128 612 186 654 una
218 595 320 674 mitto,
351 599 384 652 ut
412 590 574 671 intelligas,
605 596 732 669 quantae
761 590 834 651 haec
862 608 926 670 res,
956 609 1049 670 quam
1081 601 1145 653 ate

128 683 286 762 petendam
303 688 451 762 putamus,
471 698 559 740 curae
579 682 608 739 ei
627 681 673 760 sit,
693 681 744 759 qui
760 679 875 759 scribit,
893 687 924 739 et
942 681 1041 758 ipsius
1062 700 1146 742 causa

128 775 217 832 etiam
231 771 314 851 mihi,
333 777 420 848 atque
440 776 472 830 ιιι
492 768 646 829 sublevent
664 787 711 828 me
732 786 822 848 opera
840 770 1040 847 expositionis
1059 789 1145 850 nego·

128 863 162 921 tii
186 869 215 921 et
237 861 351 920 fessum
376 866 405 919 et
428 858 617 937 languentem
641 876 656 916 e
679 859 739 938 via3
770 857 800 917 id
824 859 905 917 enim
927 864 1027 918 totum
1052 863 1146 920 exiis

129 950 285 1028 intelliges.
309 949 425 1028 Cogitat
438 947 604 1009 bacalarius
619 946 888 1027 lieriErphurdiae,
903 946 972 1006 ideo
987 951 1145 1028 requirun-

128 1046 177 1099 tur
204 1040 374 1099 testimonia
402 1036 437 1097 ab
461 1040 527 1116 ipso
555 1037 681 1096 rectoris
710 1043 740 1095 ιι
767 1035 873 1096 decani
901 1042 1020 1098 vestrae
1045 1038 1145 1099 acade·

128 1131 213 1208 miae,
237 1125 345 1204 quibus
368 1126 489 1205 planum
512 1127 563 1185 fiat
585 1143 679 1186 unum
700 1143 811 1185 annum
829 1126 929 1204 ipsum
947 1127 980 1184 in
1000 1145 1095 1188 cursu
1113 1127 1144 1188 ad

128 1234 180 1276 eos
203 1217 332 1275 honores
356 1215 565 1295 complevisse3
589 1215 668 1275 hunc
691 1232 762 1273 vero
786 1232 854 1274 cum
877 1216 1079 1296 interruperit
1092 1219 1146 1296 ipsi

128 1305 184 1365 hoc
208 1303 497 1364 calamitosissimum
521 1302 632 1364 bellum
661 1305 738 1363 sicut
766 1303 857 1363 multa
880 1303 950 1385 alia,
974 1307 1094 1384 metuit,
1116 1315 1145 1366 ut

128 1395 283 1472 impetrari
305 1394 407 1471 possit.
440 1392 501 1471 Ego
526 1392 647 1469 quidem
669 1395 816 1453 rationem
836 1395 955 1453 omnino
980 1393 1145 1456 habendam

129 1490 200 1561 puto
233 1481 335 1542 talium
366 1489 534 1560 temporum
567 1488 596 1541 et
628 1481 708 1561 quod
741 1481 946 1542 iurisconsulti
976 1482 1090 1546 docent
1118 1487 1146 1544 in

128 1572 281 1632 maleficiis
305 1572 371 1631 lieri
394 1578 546 1650 oportere,
574 1571 604 1631 id
632 1571 725 1632 multo
753 1573 847 1650 magis
875 1573 907 1631 in
933 1570 1145 1634 honestissimo

129 1663 227 1723 studio
255 1661 436 1741 laciendum,
469 1661 506 1721 ad
533 1659 714 1720 voluntatem
744 1667 777 1721 ιιι
805 1661 994 1739 respiciatur.
1041 1661 1146 1724 Nescio

128 1759 240 1831 tamen,
269 1751 340 1829 quid
364 1751 430 1809 fieri
452 1751 547 1828 possit
570 1756 620 1810 aut
647 1751 709 1829 peti
733 1748 850 1829 debeat3
878 1749 1017 1810 fortassis
1045 1769 1083 1812 ea
1104 1760 1145 1811 est

130 1842 272 1900 severitas
299 1845 465 1898 vestrarum
493 1837 605 1918 legum,
637 1846 670 1899 ιιι
698 1838 886 1899 mendacium
912 1838 969 1898 hoc
999 1839 1145 1919 iudicetis,

129 1945 197 1986 eum
227 1925 318 1986 multa
348 1934 378 1986 et
409 1929 452 1986 sic
483 1927 554 1986 fiant
586 1935 615 1987 et
644 1928 834 2006 disputentur
864 1928 929 1987 lieri
958 1945 1146 2008 nequaquam

130 2014 273 2094 improbe.
319 2014 382 2074 Hoc
406 2017 497 2094 igitur
521 2034 557 2074 ex
580 2024 609 2075 ιι
633 2018 770 2094 cupimus
794 2034 973 2094 cognoscere
998 2018 1145 2098 simulque

129 2107 268 2185 petimuS,
292 2123 360 2164 cum
383 2103 414 2166 D.
435 2104 546 2164 decano
571 2105 607 2164 de
630 2105 685 2167 hac
708 2124 741 2167 re
765 2112 799 2166 ut
822 2107 1035 2187 communices,
1060 2125 1146 2187 quem

128 2203 200 2274 puto
219 2194 314 2255 adhuc
333 2212 399 2254 esse
419 2195 618 2254 convictorem
637 2203 730 2254 tuum.
758 2194 842 2265 Quod
862 2195 889 2254 si
907 2197 1145 2274 componendum

129 2284 240 2363 aliquid
262 2283 420 2363 putabitis,
447 2283 518 2344 hnic
540 2301 633 2363 puero
657 2283 737 2363 date,
765 2285 817 2362 qui
840 2285 905 2344 eius
927 2285 973 2343 rei
996 2303 1090 2347 eausa
1112 2285 1144 2346 ab

129 2376 194 2453 ipso
217 2373 254 2434 ad
277 2392 329 2434 vos
352 2375 480 2434 mittitur
499 2381 529 2434 et
552 2372 654 2453 solvet,
678 2391 753 2451 quae
776 2374 894 2451 poterit.
937 2372 1032 2452 Cupio
1057 2377 1145 2454 grati-

129 2463 214 2522 ficari
236 2461 406 2522 adolescent
394 2465 504 2526 testi:
526 2462 679 2542 popularis
702 2479 787 2522 meus
811 2468 841 2522 et
868 2461 973 2522 didicit
996 2463 1077 2541 apud
1100 2481 1145 2524 me

129 2549 261 2630 Lipsiae,
291 2568 377 2609 carus
402 2553 491 2610 etiam
519 2558 565 2611 est
588 2551 758 2629 Scheppero
786 2568 866 2632 meo,
895 2552 1005 2611 eximio
1033 2553 1145 2614 mathc-

129 2640 246 2730 matico,
271 2656 360 2717 quem
383 2638 511 2698 arbitror
535 2646 564 2699 te
582 2642 701 2701 novisse
725 2658 761 2699 ιι
784 2639 993 2718 frequentibus
1017 2644 1096 2702 meis
1118 2648 1146 2702 et

128 2715 224 2789 loach.
249 2726 445 2808 sermonibus,
468 2726 730 2789 facultatibnst
681 2736 730 2789 aut
731 2748 778 2789 ern
797 2727 994 2809 tenuioribus,
1018 2729 1073 2790 sed
1091 2731 1144 2791 hoc

129 2820 219 2878 etiam
247 2834 341 2896 genus
368 2775 455 2876 nobls
483 2835 542 2877 non
571 2825 617 2878 est
644 2817 861 2896 negligendum.
914 2818 1020 2879 Serius
1047 2826 1145 2880 tamen

129 2907 237 2968 adduct
225 2914 274 2967 tus
298 2905 334 2966 ad
358 2913 475 2966 nostras
503 2913 582 2966 artes
613 2908 711 2967 studio
739 2915 769 2967 et
796 2907 966 2986 diligentiae
989 2926 1052 2968 non
1081 2927 1145 2988 par-

129 3000 182 3078 cit,
207 2998 233 3057 si
255 2996 331 3056 lorte
359 3013 552 3085 compensare
580 2996 627 3056 his
650 3004 764 3078 posset,
793 2996 872 3075 quod
900 3003 946 3076 est
968 2996 1144 3076 neglectum.

129 3085 250 3166 Nescio,
283 3085 354 3167 quid
386 3085 441 3146 tibi
473 3070 620 3164 videatur,
649 3103 703 3164 ego
731 3085 788 3146 hoc
816 3104 909 3164 genus
936 3084 1033 3164 pluris
1062 3087 1145 3166 facio,

130 3173 209 3251 quod
222 3172 355 3235 laborem
378 3182 408 3235 et
431 3175 562 3235 studium
585 3181 649 3235 tant
649 3193 699 3234 um
717 3174 816 3256 habet,
839 3193 897 3254 quo
916 3176 1033 3256 nititur,
1057 3193 1145 3255 quarn

129 3260 202 3321 illud
222 3261 262 3323 alt
249 3269 347 3323 terum
370 3266 611 3343 ingeniosumet
630 3282 739 3325 socors.
772 3262 843 3324 Peto
813 3265 958 3343 itogitur
981 3282 997 3323 a
1017 3271 1047 3324 te
1067 3283 1144 3331 sum-

131 3352 276 3433 missime,
303 3353 345 3410 mi
373 3352 581 3414 colendissime
608 3360 796 3433 praeceptor,
826 3360 860 3413 ut
887 3353 966 3412 hunc
994 3353 1145 3415 conliden-

129 3446 190 3499 tem
218 3457 265 3499 me
293 3445 447 3520 tantopere
476 3445 564 3502 etiam
594 3444 654 3503 mei
676 3442 798 3503 honoris
827 3460 914 3503 cansa
942 3460 1042 3503 amare
1074 3442 1146 3503 velis

117 3536 151 3588 et
179 3527 336 3592 declarare
360 3529 496 3594 studium
530 3550 602 3613 erga
630 3531 793 3611 populares
812 3549 898 3590 meos
916 3532 1146 3608 tuum-mribus
