2370 3840
76 178 142 243 130
472 175 505 230 H.
525 173 698 247 Tbederingi

76 327 154 388 Hinc
177 326 253 407 Tibi,
276 328 308 387 ni
331 324 426 406 lallor,
448 324 486 385 dc
508 327 715 403 parentatione
735 326 784 404 pie
803 324 946 385 defuncto
966 324 1101 405 paranda

77 418 215 496 cogitatio
248 422 330 496 nata,
362 417 411 476 cui
438 413 518 493 quod
546 415 720 474 mantissam
748 415 896 494 poeticam
924 413 1099 474 ab·amicis

77 504 146 566 addi
173 504 307 585 postulas
334 511 364 564 et
391 520 473 563 meas
501 521 619 581 quoque
646 502 696 564 hic
722 509 824 582 partes
846 504 995 583 requiris,
1025 502 1097 562 lacis

77 595 123 656 Tu
142 594 263 674 quidem
276 600 329 654 tuo
343 596 419 673 iure,
436 591 525 652 modo
539 591 617 672 apud
631 609 679 653 me
694 591 839 654 voluntati
852 594 1096 672 promptissimae

78 683 202 745 facultas
227 682 337 759 vsimilis
365 687 546 760 suppeteret
595 682 633 741 At
659 699 739 743 nunc
766 698 841 741 vena
867 683 926 741 ista
951 674 994 763 (si
1022 699 1095 759 quae

77 791 209 853 unquam
232 765 302 856 luit)
327 790 343 831 a
366 772 448 831 curis
470 768 600 849 puhlicis
620 768 707 849 plane
730 772 855 831 exaruit
892 768 1093 830 Nihilominus

76 864 189 923 tentavi
213 868 330 922 veteres
353 859 467 939 Musae,
494 861 521 918 si
544 859 616 938 quid
639 859 715 920 lorte
739 877 776 919 ex
798 859 854 919 hac
877 859 1092 938 gratificatione

78 951 115 1013 ad
134 951 175 1011 l'e
199 950 306 1031 solatii,
329 949 366 1010 ad
388 947 486 1028 illum,
510 966 600 1027 quem
621 955 776 1028 tantopere
799 950 949 1029 suspiras,
972 947 1090 1007 honoris

79 1040 221 1101 accedere
243 1045 354 1119 posset.
400 1036 451 1098 Sic
473 1039 565 1116 igitur
587 1037 629 1098 Te
653 1038 737 1098 affari
759 1037 884 1118 placuit:

79 1166 188 1226 Desine
212 1163 382 1225 llalmerum
404 1162 516 1242 lugere,
539 1164 666 1222 immitia
689 1162 813 1243 frustra,

123 1253 164 1313 lli
186 1252 382 1333 Rittershusi,
405 1251 508 1312 desine
532 1252 590 1312 lata
614 1253 708 1331 queri.

79 1344 124 1402 An
147 1344 260 1402 nescis:
282 1340 360 1402 beno
383 1343 436 1419 qui
458 1342 600 1421 moritur,
622 1339 699 1401 bene
722 1342 796 1400 vixit
818 1347 849 1401 et
870 1340 961 1402 huius

125 1430 209 1491 Vitae
232 1437 365 1490 extrema
388 1429 452 1489 dies
476 1429 554 1508 quod
579 1431 618 1490 sit
640 1431 724 1508 origo
747 1426 862 1491 novae?

79 1520 131 1581 llle
155 1521 318 1581 iuventutis
341 1517 525 1579 Godanensis
548 1518 617 1600 llos,
640 1518 732 1579 decus
756 1525 843 1598 atque

123 1609 291 1689 Minodum,
314 1610 449 1688 ingenio,
472 1606 619 1688 moribus,
643 1614 705 1668 arte
729 1606 830 1668 valens

80 1698 235 1760 Dalmerus
257 1700 335 1779 pius,
358 1695 436 1757 haud
460 1696 599 1757 credatur
622 1699 764 1777 amissus,
788 1696 823 1756 ad
847 1703 928 1757 astra

125 1788 183 1848 Sed
207 1789 404 1867 praemissus,
427 1784 486 1860 uhi:
503 1786 574 1846 vivit
597 1792 721 1864 ovat'que
745 1785 814 1846 lleo.
895 1842 904 1858 „

79 1877 113 1937 ln
136 1878 227 1936 terris
250 1875 334 1935 labor
356 1881 387 1935 et
409 1873 507 1956 dolor3
531 1877 629 1934 omnia
653 1877 780 1955 somnia3
802 1873 915 1935 mundo

125 1963 206 2034 Quae
229 1963 307 2024 bona
330 1970 410 2044 sunt,
431 1962 509 2024 mala
528 1970 606 2044 sunt,
629 1981 704 2042 quae
723 1962 799 2024 mala
818 1970 898 2045 sunt,
919 1962 997 2024 bona
1014 1964 1076 2022 suot

80 2051 217 2112 Dalmero
241 2070 320 2113 nuno
343 2060 425 2113 certa
449 2053 534 2132 quies
557 2059 589 2113 et
610 2059 692 2112 certa
714 2051 838 2134 brabea3

125 2141 183 2201 Pro
207 2142 325 2204 modico
349 2148 504 2202 aeternum
527 2141 631 2202 funere
655 2141 743 2202 lenus
764 2141 863 2203 habet

81 2230 203 2292 Scilicet
225 2250 319 2310 aequa
342 2237 443 2292 manet
466 2232 511 2291 sic
533 2218 727 2314 permutatim
749 2249 819 2292 nam
842 2231 892 2292 cui

126 2320 244 2382 Coelica
266 2323 325 2382 vita
347 2319 458 2401 placet,
481 2319 591 2381 coelica
614 2319 692 2380 dona
712 2320 803 2399 'capit

81 2445 179 2506 Habes
206 2446 270 2526 hio,
301 2445 399 2526 qualia
426 2444 482 2505 hac
508 2447 574 2505 vice
594 2462 624 2505 a·
645 2463 694 2505 me
722 2446 883 2524 impetrare
910 2446 1008 2526 potui,
1032 2453 1081 2502 non

82 2532 180 2612 qualia
208 2534 284 2595 lorte
307 2534 375 2596 Tibi
402 2552 436 2596 es
457 2533 617 2613 pollicitus.
663 2533 747 2605 Quod
771 2540 877 2615 restat,
904 2536 984 2595 vitae
1006 2532 1082 2594 ratio·

82 2640 153 2682 nem
176 2621 274 2704 talem,
297 2623 415 2702 qualem
437 2621 585 2683 describis
603 2622 730 2702 Tihique
754 2630 885 2704 exoptas,
908 2623 960 2684 det
977 2622 1033 2685 tibi
1049 2622 1084 2680 in·

81 2712 184 2772 venire
207 2718 310 2773 noster
332 2719 436 2774 auctor
458 2718 617 2791 rectorque
636 2711 715 2773 Deus
736 2718 767 2773 ot
788 2731 836 2773 me
855 2730 976 2792 quoque
996 2711 1087 2774 eadem

81 2800 202 2862 tandem
228 2799 310 2863 beet!
355 2801 439 2862 ldem
465 2818 520 2862 nos
548 2803 581 2863 in
606 2801 662 2862 hac
689 2803 879 2862 miseriarum
903 2801 980 2863 valle
1004 2801 1089 2863 adhuc

82 2893 308 2970 peregrinantes
327 2889 458 2954 clemens
477 2890 631 2971 adspiciat,
649 2890 704 2950 sub
722 2890 828 2952 umbra
847 2889 962 2952 alarum
978 2904 1091 2953 suarum

82 2986 220 3059 protegat
237 2988 267 3041 et
286 2982 440 3042 concussis
458 2981 570 3059 passim
588 2978 726 3041 ecclesiis
745 2998 779 3042 ac
797 2979 917 3060 rehusp.
936 2982 1094 3060 pristinum

81 3067 305 3149 halcyoniorum
333 3088 421 3131 usum
444 3068 599 3151 largiatur,
629 3068 665 3129 ad
689 3068 827 3130 Numinis
850 3070 899 3130 sui
921 3067 1050 3148 gloriam
1071 3074 1096 3129 ct

82 3155 247 3220 electorum
270 3156 408 3220 salutem!
442 3157 474 3219 B.
494 3157 524 3218 V.

127 3279 198 3341 Dab.
221 3281 402 3362 Bythomii
424 3284 456 3342 in
481 3282 550 3361 Sup.
574 3281 636 3363 Sil,
659 3281 686 3344 d.
707 3278 758 3343 25.
777 3281 906 3342 lanuarii
926 3278 1025 3346 1629.

180 3405 262 3467 Tuus
286 3407 322 3468 ab
347 3409 469 3488 antiquo
493 3408 573 3468 idem
595 3405 819 3469 Hermannus
841 3405 1060 3490 l'ehdering.
