2370 3840
92 142 155 207 128
487 140 522 194 Η.
541 138 712 212 Theden'ngi

238 320 289 390 88.
321 322 358 391 H.
381 320 610 408 Tbcdcriugus
634 320 702 388 Nic.
725 319 961 390 Rittorsbusio.

90 429 129 482 In
146 430 232 483 Arce
249 427 422 482 Neudeolx.
875 431 918 481 29.
938 427 1008 484 Nor.
1027 431 1088 481 toas.

159 559 330 621 Clarissimo
363 561 426 620 viro
459 559 512 619 Dn.
536 557 656 619 Nicolao
679 557 880 618 Rittershusio
904 558 950 619 lc.
977 558 1088 634 llantzig.

91 648 145 709 Bei
158 640 222 710 ¹der
244 648 291 709 Fr.
311 648 522 709 Dalmerscben
544 667 581 708 zu
605 648 741 726 erlragen
764 647 825 707 und
849 647 1027 727 abzugebeu.

159 738 216 798 Sal.
233 745 262 798 et
276 739 324 797 oll.
359 738 499 809 Quamvis
518 755 578 797 non
593 735 735 817 dubitem,
754 734 926 797 Clarissimo
942 740 1089 798 carissime·

93 846 150 907 que
165 827 288 887 Domine
299 826 428 908 Nicolae,
442 827 484 887 Te
498 828 640 906 promissi
654 843 817 886 memorem
831 825 967 886 debitum
980 826 1089 887 Perbau·

92 919 207 977 tianum
234 934 281 976 me
310 914 432 977 absente
461 917 596 994 exegisse
625 922 655 975 et
682 917 847 995 accepisse,
879 917 984 976 mirari
1009 923 1089 976 umen

93 1005 187 1086 subit,
215 1005 287 1085 quid
315 1004 426 1086 obstet,
455 1007 615 1084 quominus
639 994 681 1065 16
705 1003 772 1064 illos
795 1003 990 1065 loacbimioos
1013 1003 1090 1065 sorori

93 1113 176 1155 meac
195 1113 256 1155 non
274 1094 444 1174 tradideriS,
466 1101 500 1155 ut
518 1094 564 1154 vel
581 1093 720 1154 Dantisco
740 1092 786 1153 vel
804 1092 875 1153 binc
894 1093 1039 1155 summula
1055 1090 1089 1152 illa

92 1186 236 1263 pecuniae
269 1182 342 1243 Nob.
371 1183 425 1244 bn.
453 1183 633 1243 Hainbolero
669 1183 769 1243 traiici
805 1181 917 1243 dudum
955 1186 1089 1263 potuisset
1120 1214 1124 1221 -

95 1270 220 1331 Causam
252 1271 398 1353 edissere,
432 1274 458 1332 si
485 1271 595 1352 placet,
627 1279 657 1332 et
683 1289 748 1331 rem
775 1273 871 1350 ipsam
899 1282 1025 1351 praesta.
1068 1270 1090 1329 Si

93 1360 185 1420 irater
208 1360 340 1421 delrmcti
363 1360 476 1422 Sebast.
496 1380 512 1421 a
531 1360 681 1421 Perbandt
699 1360 794 1421 adbuc
812 1360 941 1421 tardavit
959 1361 1005 1422 vel
1022 1360 1090 1441 plane

93 1451 212 1528 negavit
238 1449 415 1510 solutionem
440 1444 533 1533 (quod
557 1468 595 1510 ne
619 1468 673 1529 per
697 1451 845 1510 somnium
868 1449 1014 1511 hactenus
1034 1447 1090 1510 mibi

94 1541 125 1598 in
144 1546 275 1600 mentem
294 1541 384 1620 venit,
403 1542 429 1599 si
448 1542 514 1600 eius
533 1542 679 1618 promissa
698 1539 855 1599 considero
875 1546 906 1600 et
925 1540 1003 1620 quod
1019 1537 1090 1599 Nobi-

93 1627 166 1689 lium
198 1627 288 1689 rerba
320 1628 357 1688 de
390 1628 489 1690 luturo
521 1631 607 1708 quasi
639 1631 699 1688 iam
730 1628 806 1688 iacta
834 1630 932 1708 accipi
960 1619 1090 1707 debeant),

94 1717 341 1797 oberrographum
365 1717 401 1777 ab
425 1717 517 1778 altero
542 1719 636 1777 amico
660 1725 711 1778 tuo
735 1719 835 1796 recipe
859 1718 993 1797 mihique
1014 1726 1090 1778 trans·

94 1809 188 1886 mitte,
212 1814 244 1866 ut
266 1825 314 1866 me
338 1806 395 1867 boc
418 1825 509 1867 onere
528 1806 694 1886 expediam,
731 1804 888 1885 Nunquam
908 1811 990 1868 enim
1008 1807 1040 1867 ad
1057 1818 1090 1864 me

94 1894 144 1953 dat
173 1893 311 1954 Nobiliss.
337 1894 390 1954 Dn.
414 1895 596 1976 Hainhover,
629 1897 702 1975 quin
733 1894 822 1955 buius
854 1897 900 1956 rei
929 1898 1090 1957 mentionem

94 1984 217 2042 iniiciat.
264 1982 321 2043 Aut
348 1987 478 2044 nummis
506 1992 557 2045 aut
585 1983 799 2063 cherrograpbo
823 1986 882 2063 ipsi
905 1985 1005 2047 fecero
1028 1983 1090 2058 satis,

94 2089 154 2131 non
178 2070 271 2131 aliter.
317 2072 351 2132 ln
374 2073 431 2134 boc
455 2092 502 2133 me
525 2076 603 2154 iuva,
628 2091 700 2152 rogo
723 2074 774 2134 Te.
821 2071 906 2134 Nunc
930 2093 1005 2135 nova
1027 2069 1090 2145 audi;

94 2161 146 2221 sed
165 2163 295 2240 primum
313 2161 458 2240 lugubria.
497 2161 579 2223 Obiit
593 2156 712 2246 (cheul)
728 2162 776 2223 die
793 2158 843 2223 15.
858 2166 973 2224 mensis
986 2157 1090 2242 Augusti

93 2249 303 2311 Nobilissimus
327 2250 376 2311 ille
400 2251 547 2312 Patricius
571 2250 774 2331 Augustanus,
799 2250 938 2313 lCtorum
961 2259 991 2313 et
1012 2247 1089 2312 Philo

94 2338 229 2419 logorum
248 2339 446 2421 Coryphaeus,
464 2339 575 2402 Fautor
593 2348 697 2402 noster
714 2340 868 2422 Maximus,
887 2341 942 2402 Dn.
958 2341 990 2403 b.
1004 2340 1089 2412 Georg.

94 2427 214 2509 Remus,
229 2428 383 2508 apoplexia
398 2436 562 2508 correptus.
587 2430 650 2491 Hoc
664 2432 728 2491 viro
743 2429 859 2492 sublato
869 2433 967 2510 ipsam
975 2425 1089 2492 humani·

93 2523 185 2576 tatem
216 2520 307 2577 terris
340 2520 501 2597 emigrasse
535 2519 660 2600 dixeris3
692 2526 772 2580 tanta
805 2522 837 2580 in
865 2519 916 2579 illo
946 2521 1089 2582 officiorum

93 2606 296 2684 promptitudo
330 2614 360 2667 et
389 2607 515 2668 facilitas
542 2606 612 2669 luit!
657 2607 720 2688 Ego
747 2610 843 2688 ipsius
871 2607 1000 2691 obitum,
1030 2598 1088 2687 quod

95 2694 203 2776 debeo,
232 2697 310 2754 serio
337 2695 437 2778 luge03
466 2705 496 2757 et
523 2695 594 2758 licet
622 2715 738 2758 caream
764 2705 888 2758 externo
911 2699 1088 2760 moerentium

93 2784 205 2865 babitu,
229 2784 343 2845 defixus
366 2793 466 2846 tamen
489 2786 593 2846 haeret
613 2788 728 2847 intimis
747 2785 885 2848 sensibus
904 2788 1000 2870 dolor,
1022 2794 1088 2866 queffl

93 2892 154 2934 non
186 2876 245 2934 uisi
278 2873 478 2953 longinquitas
512 2878 656 2954 temporis
687 2882 860 2955 concoquet.
912 2871 1088 2939 Ceterumiss

93 2961 214 3023 Boemia
242 2971 273 3024 et
294 2963 423 3024 Moravia
450 2967 620 3043 persecutio
643 2963 889 3043 Evangelicorum
919 2968 1088 3046 exasperatur

94 3053 126 3112 iu
150 3052 213 3114 dies
235 3059 441 3133 cogunturque
460 3053 597 3114 homines
617 3054 653 3114 ad
672 3050 910 3136 ἀρτολατρείαν
927 3052 1089 3135 probandam

94 3139 142 3200 vel
169 3142 382 3221 emigrandum.
429 3141 507 3213 Quid
534 3144 566 3203 in
588 3142 730 3204 inferiore
754 3141 881 3203 Saxonia
904 3152 1038 3224 geratur,
1059 3135 1090 3198 Tu

94 3246 142 3287 me
161 3230 268 3291 melius
283 3234 410 3292 noveris.
448 3231 601 3292 Venerunt
615 3231 799 3314 Caesareani,
817 3232 967 3314 ridemnt,
986 3242 1091 3309 occupa·

96 3325 203 3378 verunt
225 3318 360 3398 plurima.
407 3320 442 3381 ln
465 3318 549 3380 ltalia
571 3321 683 3382 bellum
706 3322 800 3382 fervet
823 3320 933 3404 adhuc;
958 3317 1092 3384 Sabaudus

88 3404 184 3466 multa
217 3407 324 3469 damna
352 3408 494 3489 Hispanis
527 3411 613 3470 initio
641 3410 735 3491 dedit,
767 3428 848 3471 nunc
874 3410 961 3490 plura
989 3410 1024 3472 ab
1050 3403 1094 3469 illis

73 3497 195 3577 accipit.
245 3498 280 3561 ln
309 3498 407 3563 Gallia
438 3519 498 3563 nec
523 3499 643 3562 bellum
665 3518 726 3561 nec
748 3517 811 3578 pax
833 3517 904 3558 oum
918 3496 1095 3570 Reiormatiq
