2370 3840
500 209 637 281 epistolae

242 404 295 477 25.
328 410 363 477 P.
386 405 536 477 Melissus
560 408 598 477 Η.
621 408 898 496 Baumgartnere.

53 532 355 605 eridelberg)ee.
855 534 976 589 11111111.
998 539 1075 590 1590.

240 629 268 690 S.
289 628 322 690 D.
349 627 429 688 Hier.
448 627 681 707 Baumgartnere
705 632 893 709 septemviro.

127 719 256 779 Litterae
276 726 355 798 tuae,
376 716 608 796 Baumgartnere
627 721 892 800 praestantissime,
916 737 984 780 cum
1003 720 1077 780 mihi

54 809 264 888 redderentur,
287 807 405 867 infirma
424 806 583 867 admodum
602 826 684 868 eram
702 808 880 890 valetudine,
898 808 1076 869 imbecillior

54 902 148 960 etiam
176 898 285 976 factus,
317 901 474 975 postquam
501 902 530 957 te
561 915 629 956 cum
656 897 786 976 podagra
813 898 1074 958 vehementissime

55 988 224 1050 conflictari
254 984 457 1046 inaudiissem.
511 983 614 1045 Morbo
647 1005 713 1046 meo
746 1005 864 1048 causam
896 986 1076 1066 praebuerat

56 1077 230 1156 aeditimus,
261 1075 349 1135 homo
376 1073 552 1154 vilissimus,
585 1075 764 1136 carbonibus
793 1094 885 1155 prope
913 1075 1075 1137 Bibliothe-

55 1159 180 1246 cam¹¹⁵,
205 1172 239 1226 ut
260 1162 407 1242 horologii
429 1163 583 1224 machinae
606 1165 721 1225 ferreae
745 1172 943 1226 exurerentur
967 1166 1074 1226 cande·

55 1257 223 1334 fierentque
248 1246 316 1337 (zur
339 1251 513 1332 husglirung
537 1253 589 1314 des
612 1253 782 1336 Uhrwerhs,
806 1255 841 1315 ad
865 1248 982 1339 marg),
1007 1274 1076 1316 suc-

54 1346 166 1424 censis,
188 1342 268 1403 unde
288 1343 399 1403 sensim
418 1342 516 1402 fumus
535 1341 585 1402 ille
604 1361 771 1404 venenosus
791 1351 820 1405 et
838 1344 991 1426 pestilens,
1015 1344 1073 1405 olei

55 1432 173 1494 rancidi
196 1433 291 1493 fraces
314 1430 411 1510 olens,
442 1433 474 1491 in
497 1430 710 1492 Bibliothecam
738 1441 898 1512 penetrans
923 1436 963 1494 ita
987 1441 1075 1513 caput

55 1530 88 1584 et
112 1520 269 1583 cerebrum
296 1520 370 1581 mihi
396 1522 518 1600 invasit,
550 1528 583 1581 ut
611 1540 648 1581 ex
672 1520 874 1583 obstructione
899 1529 998 1584 tantus
1027 1542 1075 1583 ca-

56 1611 192 1692 tarrhus,
222 1617 304 1670 tanta
336 1611 429 1670 tussis
462 1612 608 1690 eruperit,
647 1629 721 1688 quae
760 1610 873 1671 febrem
906 1613 1076 1671 continuam

57 1701 246 1761 excitaverit>
286 1698 404 1760 Interea
427 1698 536 1759 nebulo
559 1698 610 1758 ille
634 1699 756 1780 aufugit,
780 1699 984 1779 deprehensus
1009 1718 1077 1760 cum

56 1788 165 1851 ancilla
187 1807 248 1848 non
267 1787 359 1848 semel
378 1787 539 1867 intemplo
558 1807 623 1849 rem
640 1788 789 1870 habuisse,
812 1808 846 1849 ac
868 1789 988 1868 quidem
1008 1808 1076 1849 cum

57 1878 125 1959 tali,
164 1880 213 1939 cui
244 1876 295 1937 ille
327 1884 407 1938 tutor
444 1878 529 1938 datus
562 1877 667 1938 fuerat.
721 1877 869 1958 Prologus
906 1881 1076 1940 etiamnunc

58 1968 181 2029 oberrat
211 1967 354 2028 moechus
387 1973 417 2027 et
448 1966 571 2027 adulter.
617 1966 714 2028 Habes
743 1967 779 2028 de
807 1967 975 2029 valetudine
1002 1987 1076 2030 mea.

57 2057 103 2118 hb
127 2075 203 2117 anno
232 2055 344 2117 Christi
366 2055 476 2116 MDLV.
504 2074 656 2135 nunquam
690 2064 793 2136 postea
821 2060 983 2138 aegrotavi,
1018 2060 1077 2119 nisi

58 2144 162 2226 semel,
184 2164 239 2224 per
261 2145 404 2226 triduum,
427 2163 530 2205 mense
554 2144 630 2206 Maio
655 2164 732 2206 anno
755 2144 918 2226 MDLXIX,
942 2145 1076 2207 Genevae

58 2253 129 2296 cum
155 2227 378 2315 hahitarem¹¹⁶,
408 2233 491 2295 febre
524 2242 660 2315 vexatus,
693 2253 781 2315 quam
813 2254 1008 2314 conceperam
1039 2254 1076 2296 111

58 2323 159 2386 subita
183 2323 390 2405 admiratione,
419 2342 487 2383 cum
509 2322 638 2403 puellam
661 2323 792 2383 nobilem
816 2322 927 2383 Gallam
951 2342 1076 2402 eamque

57 2414 319 2493 formosissimam,
347 2414 378 2472 in
408 2413 531 2473 aedibus
558 2412 681 2473 Henrici
705 2407 906 2494 stephani1¹⁷,
938 2413 1013 2472 mihi
1040 2414 1077 2474 ad

58 2505 212 2563 sinistram
227 2501 411 2562 adsidentem
426 2494 675 2585 (conveneramus
690 2503 770 2562 enim
784 2501 896 2581 aliquot
909 2496 1031 2588 musici)
1039 2497 1078 2537 1¹⁸

58 2589 267 2671 praesentibus
304 2592 524 2651 honestissimis
565 2594 708 2652 matronis
751 2609 911 2670 earumque
953 2595 1077 2674 maritis,

58 2674 227 2742 Orfandi¹¹⁹
264 2683 416 2740 cantiones
449 2679 575 2740 Gallicas
613 2699 726 2742 summa
764 2700 831 2741 cum
870 2685 1012 2743 suavitate
1049 2690 1078 2742 et

57 2771 142 2830 vocis
160 2768 315 2850 elegantia,
338 2770 497 2850 testudine,
517 2787 606 2848 quam
624 2769 797 2849 increpabat
816 2771 926 2852 digitis,
950 2770 1077 2851 admota,

58 2857 262 2919 modulantem
276 2864 545 2938 personantemque
565 2859 752 2920 audivissem.
780 2858 920 2919 Movisset
939 2857 998 2939 illa,
1017 2861 1077 2919 imo

57 2949 257 3028 permovisset
294 2947 458 3008 Caucasum
494 2947 625 3027 aliasque
659 2956 760 3009 cautes
801 2947 894 3008 multo
932 2948 1077 3027 duriores,

58 3036 170 3098 nedum
193 3036 355 3097 Melissum.
400 3036 444 3096 ld
468 3036 539 3116 quid
562 3037 635 3097 haec
659 3033 787 3097 narras?
809 3039 936 3115 inquies.
978 3035 1017 3095 Ut
1040 3035 1076 3096 de

58 3133 203 3205 perpetua
227 3124 338 3205 alioqui
361 3125 563 3186 incolumitate
583 3145 651 3186 cum
670 3128 761 3186 animi
779 3132 843 3186 tum
863 3126 997 3203 corporis
1017 3127 1078 3185 mei

58 3212 116 3275 tibi
125 3222 250 3275 constet.
274 3214 487 3294 Temperantes
498 3233 600 3276 sumus
611 3223 641 3275 11
651 3214 744 3275 sobrii
754 3215 903 3293 iidemque
914 3233 1077 3276 manemus.

58 3304 178 3364 Utinam
201 3322 256 3383 pro
280 3310 309 3364 11
333 3311 435 3364 votum
464 3304 561 3364 facere
585 3322 718 3384 possem,
749 3303 981 3382 Baumgartnere
1007 3323 1078 3384 pru-

60 3393 250 3475 dentissime,
278 3393 408 3454 facerem
435 3395 538 3471 utique
566 3411 760 3472 rogaremque
789 3394 883 3454 Deum
911 3401 970 3472 opt.
993 3412 1081 3469 man,

61 3488 96 3543 ut
129 3483 155 3542 si
192 3500 253 3542 non
285 3485 405 3543 omnino
437 3481 573 3567 tolleret,
610 3481 719 3546 saltem
750 3503 793 3546 eu
820 3489 914 3565 parte
941 3482 1108 3551 mussare&

57 3570 174 3628 dolores
203 3570 272 3631 illos
299 3572 435 3651 pedibus
468 3578 532 3640 tuis
566 3577 810 3642 infestissimos.
854 3570 960 3632 Masis
987 3563 1141 3622 mmm
