2370 3840
499 172 638 243 epistolae
1030 174 1076 240 49

52 326 256 404 significarem
278 323 335 384 tibi
358 343 396 384 an
418 331 582 385 mutassem
604 325 708 386 viduae
732 326 829 385 tristia
853 326 937 404 signa
958 325 1074 388 domus.

51 415 100 476 Tu
121 413 241 493 quidem
259 420 364 493 postea
381 411 455 474 illud
473 420 589 474 mutare
609 413 770 494 deleveras,
789 417 992 493 superscripto
1007 417 1073 476 eius

52 503 123 564 loco
142 502 311 584 sustollere,
335 501 388 562 sed
406 504 533 563 nimium
551 521 655 564 verum
674 503 730 563 fuit
747 504 845 582 prius:
866 505 978 564 mutavi
992 506 1074 564 enim

53 595 143 671 signa
170 592 374 670 successitque
402 593 434 652 in
456 590 556 652 locum
578 593 669 671 primi
691 590 789 653 luctus
813 590 888 652 alter
910 591 1004 652 nihilo
1028 596 1073 652 in-

52 683 189 762 gravior,
221 682 281 741 nisi
314 679 392 759 quod
424 680 514 741 funus
546 679 672 741 abesset.
718 679 827 741 Verum
860 680 897 740 de
926 680 973 740 bis
1002 679 1074 742 alias

53 771 143 830 forte.
180 768 265 830 Nunc
288 771 375 830 venio
399 768 436 829 ad
458 777 534 850 tuas,
558 768 666 849 quibus
686 777 803 849 gratum
820 770 877 830 fuit
895 787 1073 848 recognosse
1106 825 1109 830 .

53 861 118 919 iam
148 858 269 918 tandem
296 856 463 938 Oppianum
494 858 621 919 rediisse
653 858 689 919 ad
716 858 829 919 herum‘
851 851 992 919 suum²²⁶.
1038 858 1076 920 llt

55 966 169 1027 quaeso
196 954 226 1008 te
254 948 301 1007 fac
329 949 433 1028 sciam,
460 967 499 1009 an
526 948 661 1009 editurus
689 965 758 1008 eum
781 949 823 1007 sis
846 949 983 1008 versione
1007 966 1076 1009 cum

56 1036 163 1118 latina,
195 1044 225 1097 et
253 1038 280 1097 si
306 1038 457 1117 versione,
490 1055 528 1097 an
555 1036 667 1097 verbali
695 1055 733 1097 an
759 1038 891 1097 metrica.
937 1035 1074 1116 Optimus

57 1144 131 1187 sane
164 1133 210 1186 est
241 1132 346 1186 auctor
373 1127 553 1205 scripsitque
581 1127 612 1185 in
640 1144 710 1186 eum
736 1132 856 1205 praeter
883 1124 958 1186 alios
985 1128 1076 1187 etiam

57 1218 125 1294 ipse
148 1207 333 1275 bodinus2²⁷.
379 1208 612 1294 Epigramma²²⁸
639 1217 672 1276 in
698 1233 768 1276 enm
796 1214 875 1294 quod
899 1216 997 1296 cupis,
1025 1215 1077 1276 fiet

57 1303 156 1385 facile,
177 1302 267 1364 modo
290 1302 478 1385 iudicaveriS,
501 1322 539 1364 an
562 1303 698 1365 editurus
719 1307 761 1364 sis
780 1322 885 1383 graece
904 1311 1020 1365 tantum
1038 1322 1077 1366 an

59 1396 152 1453 etiam
178 1392 270 1453 latine
296 1399 326 1455 et
349 1410 386 1452 an
409 1411 426 1454 e
449 1395 585 1453 versione
609 1400 668 1455 tua.
713 1392 827 1456 Forsan
850 1392 887 1452 de
911 1393 1016 1454 eodem
1040 1393 1076 1455 ad

58 1501 109 1543 me
142 1481 208 1542 aliis
234 1480 345 1562 litteris
373 1483 533 1563 scripsisti,
563 1482 616 1543 sed
645 1485 684 1563 si,
716 1500 771 1561 ego
799 1501 850 1543 eas
878 1500 939 1543 non
966 1484 1076 1561 recepi.
1105 1515 1109 1522 ·

59 1571 121 1631 Eae
144 1573 224 1632 enim
247 1588 378 1650 nuperae
397 1573 510 1650 primae
531 1570 655 1632 suntab
674 1571 743 1651 illis,
767 1589 840 1649 quas
860 1570 958 1631 attidit
977 1570 1077 1648 Scipio

59 1668 170 1721 noster.
217 1660 259 1720 lle
291 1660 473 1739 typographo
505 1677 566 1720 non
597 1666 710 1720 temere
739 1677 772 1719 es
800 1661 913 1720 anxius.
958 1657 1078 1739 Noster,

60 1751 106 1810 uti
128 1752 193 1829 ipse
217 1748 357 1828 subiicis,
381 1746 481 1809 lloson
503 1741 602 1810 esim.
647 1746 831 1808 Wecheliani
853 1747 948 1808 inflati
972 1750 1078 1826 etqui

60 1840 160 1918 potius
184 1839 332 1917 accipiant
354 1835 443 1917 quam
466 1837 545 1898 dent.
587 1830 833 1916 Rapbelengio²³⁰
855 1836 965 1898 desunt
987 1835 1078 1897 lacul-

60 1934 138 1988 tatcs
161 1945 217 1988 nec
240 1928 408 2006 susceperit
427 1925 538 1988 librum
557 1928 621 1987 sine
641 1928 810 1987 certissima
827 1925 904 1987 lucri
924 1944 984 2006 spe.
1021 1925 1079 1987 lta-

61 2035 120 2096 que
143 2023 237 2077 restat
259 2014 351 2077 alium
370 2017 505 2094 quemvis
524 2014 625 2097 eligas,
648 2022 679 2077 et
696 2033 767 2076 vero
787 2018 839 2094 qui
857 2016 975 2076 viduam
994 2015 1080 2077 duxit

60 2104 102 2165 lo.
125 2103 282 2185 Wechelii,
309 2104 419 2165 dicitur
446 2107 493 2166 vir
515 2104 642 2183 diligens
670 2112 701 2166 et
722 2104 798 2165 bene
821 2106 936 2184 peritus
959 2103 1078 2184 linguae

63 2193 202 2254 Graecae.
240 2193 342 2272 ltaque
366 2194 448 2275 quid,
471 2195 498 2254 si
521 2193 557 2255 ad
581 2210 650 2254 eum
673 2190 756 2254 ires?
779 2193 812 2253 Si
834 2195 879 2253 sic
896 2192 1003 2273 placet,
1026 2212 1081 2272 ego

63 2285 155 2344 etiam
177 2284 207 2344 ei
230 2281 373 2364 scribam3
400 2290 434 2344 ut
456 2290 490 2344 ut
513 2284 586 2363 erit,
609 2290 712 2342 noster
735 2283 825 2341 nimis
847 2284 980 2341 tricatur.
1026 2281 1081 2342 Vix

63 2373 230 2453 impetravi,
252 2378 287 2432 ut
309 2371 357 2432 bis
379 2371 522 2433 nundinis
544 2370 680 2450 prodiret
699 2368 854 2452 Querolus,
877 2371 963 2431 cuius
982 2387 1081 2431 exem·

61 2460 158 2542 plaria
185 2459 283 2540 pluria
311 2479 379 2521 eum
406 2458 462 2521 tibi
489 2461 656 2521 tramisisse
685 2457 828 2540 arbitror,
856 2460 883 2519 si
909 2458 997 2519 modo
1026 2459 1083 2521 fuit

63 2552 132 2629 quis
145 2555 198 2610 tuo
212 2551 332 2610 nomine
346 2548 535 2611 Francofurti
550 2551 602 2628 qni
616 2550 772 2628 reciperet.
803 2547 923 2610 Videbis
937 2548 1082 2628 quaedam

63 2638 101 2700 ad
124 2637 237 2700 calcem
259 2632 379 2719 meam,
402 2657 478 2718 quae
501 2640 631 2718 accipies
650 2656 711 2698 non
729 2637 1006 2720 redhostimentum,
1030 2638 1083 2699 sed

63 2726 159 2788 debiti
182 2728 377 2808 agnitionem,
405 2727 484 2806 quod
508 2726 619 2787 solvam
643 2729 669 2787 si
691 2729 771 2807 vivo,
794 2729 836 2788 ita
858 2729 962 2787 vivam.
1007 2726 1083 2787 Nam

63 2835 145 2878 nunc
178 2834 249 2878 sane
281 2823 362 2877 totus
394 2818 478 2877 iaceo
510 2816 661 2897 torpidus,
693 2818 784 2876 immo
813 2819 1025 2876 semimortuus
1054 2822 1084 2876 et

63 2907 185 2967 futurus
207 2905 298 2966 lunns
320 2903 413 2986 brevi,
435 2907 495 2966 nisi
517 2923 565 2966 me
590 2905 696 2966 melior
719 2907 886 2985 respexerit
904 2902 992 2964 Deus.
1029 2903 1083 2964 Vix

65 3013 225 3074 supersum
256 2993 435 3056 lectionibus
467 2995 557 3074 meis,
589 2994 699 3055 nedum
731 3000 765 3054 ut
797 2992 854 3053 alia
882 2990 997 3052 moliar.
1042 2990 1083 3052 lle

63 3083 147 3144 'lisio
158 3076 204 3167 (l)
219 3090 322 3144 nostro
336 3081 433 3143 libens
447 3083 547 3144 andivi
560 3082 685 3162 berique
700 3081 893 3143 nuntiabatur
907 3081 981 3140 mibi
999 3079 1082 3141 Basi-

65 3171 130 3233 leae
157 3178 328 3252 promotum
356 3173 396 3232 iri
422 3173 483 3233 iam
509 3171 598 3232 modo
622 3174 655 3233 in
677 3171 836 3232 [lectorem
858 3171 942 3230 iuris.
989 3168 1035 3230 Tu
1059 3172 1085 3231 si

66 3261 141 3341 quid
177 3263 329 3323 notaveris
360 3263 393 3322 in
424 3258 733 3322 animadversionibus
764 3261 840 3320 meis
873 3258 909 3319 ad
943 3259 1086 3321 Senecam

67 3344 151 3435 (ideo
184 3352 264 3412 enim
295 3343 478 3434 transmisi),
510 3368 548 3411 ne
581 3367 670 3429 grave
704 3350 744 3409 sit
771 3351 999 3411 communicare.
1044 3349 1087 3412 lla

67 3441 163 3521 enim,
201 3458 277 3520 quae
308 3442 340 3500 in
373 3438 602 3520 Suspicionibus
635 3445 709 3503 sunt
740 3437 781 3501 ad
807 3437 904 3500 illum
931 3439 1113 3496 ausuum

64 3529 213 3606 facientia,
241 3531 301 3588 iam
328 3546 399 3591 mox
425 3531 658 3622 perpoliemus,
688 3535 719 3597 si
746 3529 874 3595 dabitur
903 3524 1074 3600 respuere
1092 3511 1140 3566 aas

102 3633 176 3680 ΕΜ
189 3645 249 3679 uec,
263 3637 327 3680 XVI
339 3643 365 3682 et
379 3643 464 3690 xm,
966 3625 991 3672 bn
