2370 3840
494 175 632 248 epistolae
904 155 905 158 Ἴ
1032 177 1075 243 95

56 330 154 390 333113
178 328 214 389 de
239 329 336 389 causis
359 327 554 406 Noribergam
578 345 737 387 excurrere
765 345 923 388 necessum
946 328 1077 410 haberet,

56 418 167 480 lubens
190 417 256 498 hoc,
279 416 420 496 quioquid
444 423 490 477 est
514 419 623 496 oneris,
647 416 704 476 sibi
728 435 744 476 a
766 435 814 477 me
838 419 951 495 imponi
971 436 1077 495 passus

55 514 117 588 331,
150 508 327 586 praesertim
355 521 424 567 cum
450 513 482 566 et
508 507 540 565 in
566 523 670 565 mensa
698 524 731 565 ac
758 523 879 566 musaeo
906 524 960 584 pro
989 507 1076 567 modo

57 595 233 657 facultatum
256 613 379 657 suarum
402 593 603 656 conducendis
626 612 717 674 opera
740 612 805 654 mea
829 601 858 655 et
879 593 1003 655 consilio
1021 613 1076 674 pro

56 693 125 745 roto
146 685 318 764 nuperrime
337 702 410 745 usus
429 685 544 744 fuisset.
579 683 620 744 lle
640 701 724 744 sacro
743 682 967 762 Elbingensium
987 702 1076 761 nego-

57 777 100 835 tio
125 774 202 833 mala
225 791 300 834 nova
323 780 459 834 recentes
482 772 535 832 Dn.
558 763 668 852 Hoppii
691 779 721 832 et
744 772 869 832 aliorum
888 771 1075 852 popularium

58 863 176 923 litterae
209 869 345 944 narrant,
381 880 434 922 eos
465 863 609 922 nimirum
644 863 814 941 principum
851 868 881 921 et
912 863 1075 922 vicinarum

58 954 212 1012 civitatum
235 953 362 1030 speratis
386 958 417 1011 et
437 952 595 1030 promissis
625 949 742 1011 auxiliis
766 950 924 1011 destitutos
948 943 1074 1034 atque*)

59 1042 195 1102 desertos
217 1042 394 1120 primarium
417 1042 479 1101 sive
501 1039 669 1119 parochiale
692 1041 724 1098 in
747 1041 812 1119 ipsa
835 1039 909 1100 urhe
932 1039 1074 1119 templum

59 1129 139 1190 clero
164 1130 292 1190 cessisse
315 1148 383 1190 cum
407 1136 487 1190 certa
510 1131 654 1209 pecuniae
683 1147 797 1188 summa
821 1130 979 1208 quotannis
1001 1131 1075 1208 ipsis

59 1218 247 1279 conferenda.
302 1217 428 1280 Causam
458 1218 619 1279 deditionis
651 1217 739 1278 huius
772 1220 924 1297 assignant
955 1220 1075 1278 iteratas

59 1310 177 1388 saepius
200 1306 309 1386 Regiae
332 1307 495 1368 Maiestatis
518 1309 627 1388 minas,
650 1308 898 1369 commerciorum
921 1307 1075 1368 difficulta-

58 1404 119 1457 tcm
143 1403 173 1457 et
194 1395 388 1458 Dantisoanae
411 1398 549 1476 inprimis
573 1395 698 1476 reipubl.
722 1398 952 1457 inconstantiam
976 1397 1075 1457 loede-

58 1488 160 1565 risque
192 1484 368 1565 neglectum.
414 1485 546 1557 Quarum
556 1479 611 1569 **)
644 1492 795 1564 postrema
823 1487 897 1545 mihi
933 1485 979 1545 331
1006 1485 1073 1545 ideo

58 1574 191 1635 nondum
208 1574 393 1635 'verosimilis
415 1577 479 1635 3133
497 1581 551 1655 331,
575 1575 653 1653 quod
673 1580 886 1634 conterraneus
905 1576 961 1634 iste
980 1591 1074 1654 meus,

59 1666 111 1743 qui
134 1664 184 1724 vix
207 1665 319 1724 mensis
341 1666 432 1726 unius
456 1665 551 1743 spatio
575 1665 670 1743 patria
689 1662 808 1722 Gedano
828 1662 921 1742 abest,
944 1662 1019 1722 nihil
1038 1662 1074 1722 de

57 1753 135 1813 fama
158 1752 214 1813 hac
236 1753 311 1814 mala
339 1752 422 1813 domi
449 1752 616 1814 inauditum
643 1753 735 1812 luisse
763 1750 931 1832 perhibeat,
964 1751 1016 1810 sed
1043 1753 1075 1811 in

62 1842 191 1903 comitiis
222 1841 361 1903 Poloniae
393 1842 476 1903 litem
508 1844 596 1903 istam
633 1841 728 1902 adhuc
763 1841 887 1901 haerere
925 1840 1074 1918 dubioque

60 1939 167 1992 eventu
200 1933 305 2010 agitari
336 1938 495 1992 asseveret.
541 1929 655 1991 Nollem
682 1931 758 1990 hanc
789 1929 935 1992 maculam
962 1932 1074 2008 patriae

57 2039 141 2081 meae
164 2038 234 2080 rere
257 2022 347 2102 inuri,
371 2021 451 2100 quod
475 2021 628 2081 ardentem
651 2021 803 2099 proximae
826 2019 910 2082 urhis
930 2022 1074 2099 parietem

58 2109 187 2170 llammis
209 2111 276 2170 istis
299 2111 440 2188 occupari
464 2116 494 2170 et
517 2111 603 2170 exuri
625 2111 805 2188 permiserit
842 2107 976 2169 delicet
999 2109 1074 2168 13313

59 2198 175 2278 habeat,
199 2215 257 2276 quo
280 2199 392 2259 lactum
416 2191 458 2282 (si
480 2201 522 2259 ita
542 2191 594 2281 sit)
615 2205 745 2278 excuset,
769 2199 838 2277 quia
856 2196 995 2257 videlicet
1016 2199 1074 2275 ipsi

59 2305 178 2367 quoque
197 2286 393 2366 Elhingenses
412 2307 455 2348 ao.
473 2284 567 2350 1577.
591 2286 763 2347 llantiscum
783 2285 935 2347 obsessam
954 2291 984 2345 31
996 2283 1074 2343 hello

57 2395 74 2436 a
102 2375 253 2454 Stephano
281 2375 342 2437 Pol.
375 2394 445 2455 rege
477 2384 589 2438 temere
621 2374 789 2435 lacessitam
821 2373 934 2453 perfide
967 2372 1074 2433 dereli-

58 2467 192 2545 querint,
222 2482 329 2526 vereor
360 2471 473 2547 tamen,
504 2472 538 2526 ut
569 2464 643 2526 ultio
675 2463 748 2523 haec
775 2462 874 2524 locum
901 2470 932 2524 et
958 2464 1074 2523 veniam

56 2553 135 2634 apud
160 2571 222 2635 eos,
245 2556 297 2633 qui
320 2555 384 2615 sine
408 2555 516 2617 3113313
538 2554 671 2615 iudicant
694 2560 725 2617 31
746 2552 822 2613 mala
844 2553 931 2614 malis
948 2571 1009 2615 non
1028 2571 1074 2612 33-

56 2641 214 2722 pendenda
242 2661 308 2704 3333
338 2642 521 2724 didicerunt,
548 2645 687 2703 inveniat.
733 2642 792 2702 Sed
816 2643 852 2703 de
875 2643 923 2703 his
947 2644 1074 2704 certiora

56 2731 141 2792 brevi
164 2738 365 2814 expectamus,
389 2751 463 2812 quae
486 2732 540 2792 ubi
562 2732 598 2793 ad
619 2750 674 2792 nos
693 2732 805 2792 luerint
823 2731 945 2812 perlata,
968 2731 1074 2791 faciam

57 2839 176 2901 quoque
200 2819 237 2882 de
260 2820 308 2881 his
331 2821 425 2901 Ampl.
444 2821 578 2882 Vestram
602 2823 703 2881 statim
726 2822 893 2881 certiorem.
929 2819 984 2880 Η13
1003 2819 1073 2878 finio

56 2918 87 2971 31
112 2909 237 2970 Vestrae
268 2908 491 2971 benevolentiae
523 2912 555 2970 in
582 2916 736 2989 posterum
769 2927 887 2987 quoque
920 2909 998 2968 serio
1025 2924 1073 2967 me

57 2997 243 3060 commendo.
289 2999 420 3061 Salutem
444 2999 538 3079 113131
562 2998 684 3059 Vestrae
706 3016 761 3077 per
783 3015 831 3057 me
855 2995 1074 3057 transscribunt

55 3087 110 3148 Dn.
135 3087 350 3149 commensales
374 3096 404 3149 et
427 3090 625 3170 conterranei,
648 3089 736 3147 amici
754 3087 859 3146 nostri.
891 3084 1000 3145 Excell.
1019 3083 1072 3145 lln.

55 3175 88 3238 ll.
112 3174 347 3259 Kirchhergero‚
375 3181 401 3239 si
424 3177 544 3240 dabitur
566 3193 755 3256 congressus,
784 3175 944 3235 officiosam
969 3177 1073 3235 nomio

56 3265 193 3327 salutem.
240 3265 335 3327 Credo
363 3286 432 3328 eum
460 3269 545 3347 praxi
572 3265 726 3346 impediri,
754 3283 811 3344 quo
838 3267 938 3325 minus
966 3264 1074 3325 litteris
