2370 3840
431 161 568 232 epistolae
946 164 1011 229 125

143 341 194 412 86.
225 343 262 412 ll.
286 343 515 431 rhuodingus
537 343 606 413 llic.
629 344 863 413 Rittersbusio.

51 448 164 505 ntitas.
778 455 802 505 a.
821 448 911 518 April.
933 455 1011 507 1625.

65 579 227 642 ..Nicolao
250 579 451 640 Rittershusio
475 579 495 641 l.
514 579 548 641 U.
568 579 598 641 C.
625 584 657 642 in
680 580 755 642 alma
778 580 1011 660 Regiomontana

51 687 195 730 usserum
216 689 245 750 p.
263 676 284 730 t.
309 672 525 730 commoranti.
541 669 757 750 ‚lldnigsberg

65 759 93 819 S.
110 758 208 826 ,Binis
231 760 292 820 tuis
315 760 493 837 gratissimis
517 763 605 820 unica
628 760 682 820 bac
706 761 855 821 satisfacio
879 760 1011 839 epistola.

69 866 114 909 me
138 849 236 909 lacere
259 846 342 908 iubet
364 850 482 909 itineris
505 851 537 909 in
560 849 624 909 dies
650 849 774 910 ineundi
796 852 933 910 vicinitas
956 869 1012 911 nec

51 953 60 996 1
82 937 121 999 Cl.
140 937 194 998 lin.
213 936 320 998 Nochii
342 938 375 998 iu
398 937 530 999 curando
553 941 673 1016 negotio
696 947 747 999 tuo
766 939 899 1018 tarditas,
924 958 1012 1018 quam

51 1041 96 1087 ren
123 1027 257 1088 absentia
285 1027 350 1086 eius
379 1029 423 1088 sic
449 1029 521 1087 satis
544 1036 673 1088 excusat.
720 1027 781 1088 lam
804 1045 873 1088 vero
897 1028 933 1088 ad
957 1047 1012 1089 nos

51 1113 136 1176 lucem
161 1134 265 1196 urgeo,
290 1122 324 1177 ut
347 1115 482 1195 Spartam
507 1114 635 1176 oblatam
657 1116 725 1176 Tibi
749 1124 847 1178 servet
870 1125 900 1178 et
924 1136 1012 1198 quarn

51 1207 141 1265 ssime
161 1205 301 1265 conferat.
339 1204 489 1275 Quantum
505 1204 649 1286 intelligo,
667 1205 710 1266 nil
724 1205 792 1266 Tibi
805 1208 1012 1289 metuendum,

63 1311 151 1355 unum
170 1294 271 1354 videre
290 1301 320 1354 et
339 1294 449 1374 alloqui
467 1294 618 1355 desiderat
636 1302 731 1356 mater
744 1298 861 1357 iuvenis
877 1297 1013 1378 studiosi,

51 1396 60 1438 s
87 1382 122 1443 de
149 1390 284 1462 tempore
311 1391 341 1444 et
365 1384 453 1444 modo
476 1384 594 1444 futurae
618 1387 867 1464 peregrinationis
890 1385 1012 1447 Vestrae

51 1487 96 1531 um
123 1490 211 1550 agere
238 1474 340 1551 possit.
386 1472 428 1533 De
456 1472 563 1533 salario
592 1472 672 1534 nulla
700 1473 858 1535 difficultas
885 1478 955 1556 erit,
983 1485 1013 1535 at

51 1556 142 1622 lorum
169 1563 228 1621 iste
256 1564 399 1641 strepitus
428 1569 458 1622 et
485 1570 582 1623 metus
608 1580 702 1622 novus
726 1563 801 1623 lorte
824 1582 879 1643 per
902 1581 1012 1623 aunum

51 1662 93 1710 ruc
115 1648 334 1712 adolescentem
352 1651 401 1711 hic
419 1651 554 1712 detinere
573 1659 675 1730 posset
693 1651 860 1712 academica
879 1654 937 1711 vita
956 1651 1012 1712 tibi

51 1740 117 1800 erim
136 1739 231 1800 libera
247 1739 359 1800 relicta.
397 1730 539 1820 Sumptus
554 1730 679 1801 durante
693 1758 776 1800 mora
790 1743 847 1800 ista
862 1740 1011 1801 faciendos

51 1825 164 1890 »levabit
191 1828 296 1889 viduae
319 1828 495 1910 liberalitas,
524 1849 598 1909 quae
622 1837 652 1890 te
676 1838 706 1890 et
729 1830 826 1890 studia
849 1839 899 1891 tua
922 1833 1011 1890 aesti-

51 1931 80 1975 re
110 1919 217 1997 coepit.
267 1916 291 1977 E
324 1937 356 1978 re
388 1921 488 2001 itaque
521 1920 624 2000 luerit,
657 1918 753 1980 oblata
787 1923 942 1981 occasione
976 1920 1011 1980 ad

51 2003 217 2068 ‚Nochium
244 2009 328 2086 prius
356 2007 504 2068 divertere
533 2027 621 2087 quam
648 2009 697 2070 hic
724 2017 754 2069 te
783 2012 879 2070 sistas.
925 2008 954 2070 ls
982 2018 1012 2070 te

52 2093 93 2155 ius
120 2099 220 2156 omnia
247 2095 379 2177 docebit,
409 2115 484 2176 quae
512 2097 590 2177 apud
617 2097 773 2158 Dominam
796 2098 1013 2159 balmerianam

51 2199 99 2245 ‘are
116 2193 147 2246 te
165 2187 290 2266 possint.
326 2185 360 2247 ln
378 2188 497 2264 negotio
513 2189 686 2266 pecuniario
701 2186 839 2247 Nobiliss.
855 2187 907 2246 Dn.
922 2187 1012 2247 Hein-

51 2269 94 2334 'eri
116 2275 253 2336 sedulum
277 2283 313 2335 ct·
330 2277 442 2336 serium
465 2276 507 2336 Te
530 2275 618 2337 modo
641 2275 735 2335 video.
777 2275 820 2335 Ne
845 2276 939 2336 desim
961 2275 1012 2335 de-

51 2365 117 2425 criis
146 2373 176 2425 et
199 2367 278 2445 eiuS,
305 2366 391 2425 cuius
414 2366 553 2445 interest,
582 2372 611 2424 et
633 2366 755 2444 nostris,
778 2365 960 2425 inserviendi
983 2371 1013 2424 et

51 2454 183 2515 tilicandi
211 2452 277 2514 aliis
304 2453 361 2514 hoc
388 2462 523 2532 tempore
551 2456 624 2514 satis
651 2453 820 2534 commodo,
848 2473 886 2515 en
913 2456 1012 2533 ipsum

51 2542 248 2623 irrographum
275 2540 448 2623 Perbandti,
480 2543 559 2622 quod
587 2551 655 2603 tuae
683 2542 753 2603 tidei
780 2547 947 2625 committo,
974 2563 1012 2605 ne

51 2633 86 2692 >is
99 2639 211 2712 pereat.
234 2631 276 2691 ad
292 2633 449 2692 minimum
465 2630 506 2694 16
521 2632 715 2693 loachimicos
731 2634 870 2715 accipies,
883 2633 1014 2694 valorem

61 2719 107 2803 n,
136 2723 188 2801 qui
215 2739 239 2781 a.
261 2717 348 2783 1615
376 2723 408 2781 iu
431 2723 557 2802 imperio
582 2722 639 2783 luit
661 2728 691 2782 et
714 2740 793 2783 nunc
816 2741 934 2802 quoque
958 2733 1012 2783 est

64 2811 142 2890 quod
176 2811 367 2889 gratitudinis
400 2814 562 2872 auctarium
595 2811 725 2872 adiicere
757 2812 849 2871 irater
881 2811 1013 2871 defuncti

51 2899 78 2980 lt,
100 2901 133 2959 iu
151 2898 235 2960 lucro
254 2899 433 2979 ponendum.
470 2899 494 2960 Α
512 2899 554 2960 Te
573 2903 665 2979 igitur
683 2899 719 2960 ad
738 2918 793 2959 nos
812 2899 908 2959 delato
928 2917 1013 2959 soror

51 3005 64 3048 a
88 2982 152 3071 (die
171 2987 219 3048 Fr.
238 2987 330 3049 lsrael
347 2983 502 3072 Folssche)
522 2997 572 3049 aut
591 2989 685 3049 dictos
704 3005 843 3048 nummos
862 2995 912 3048 aut
931 2996 1013 3048 auto·

53 3077 146 3156 phum
178 3076 322 3138 debitoris
355 3076 523 3156 expectabit
554 3086 584 3138 et
607 3079 745 3157 accipiet,
782 3095 841 3156 quo
874 3075 1012 3137 Nobiliss.

51 3165 254 3227 ‚Heinhovero
269 3169 432 3228 transmitti
445 3166 620 3228 alterutrum
634 3168 736 3246 possit.
759 3166 802 3226 De
816 3165 869 3226 lin.
880 3165 1013 3226 Christo-

51 3272 94 3315 ›ro
117 3253 321 3316 Stobenhaber
344 3256 549 3337 superioribus
572 3258 647 3316 meis
671 3254 815 3334 quaedam
839 3257 1013 3337 inieceram3

63 3343 114 3404 illa
141 3345 172 3403 in
199 3346 260 3405 tuis
287 3344 410 3406 verbum
438 3344 560 3406 nullum.
611 3345 769 3405 Sufficeret
794 3347 870 3406 scire
899 3344 1014 3406 litteras

51 3451 82 3494 as
109 3432 154 3493 illi
179 3442 260 3495 recte
283 3434 415 3496 traditas.
461 3433 534 3495 Vota
556 3442 608 3496 tua
630 3441 662 3496 et
684 3436 887 3496 ominatioues
904 3436 1027 3495 inustas

53 3525 207 3601 provincia
223 3542 292 3584 mon
310 3542 326 3584 a
344 3543 395 3587 me
412 3525 555 3590 obeunda
569 3535 680 3610 gratus
688 3525 768 3608 legi.
796 3523 935 3586 Pondus
947 3518 1059 3586 adoaia
