2370 3840
77 195 143 260 124
446 261 448 264 ,
471 197 507 253 Η.
526 195 698 267 Thederingi
779 207 783 211 “

76 348 145 408 tarii
178 354 276 407 tamen
309 346 398 407 buius
431 353 461 406 et
488 348 596 426 privati
623 353 718 406 status
744 354 915 429 pertaesus,
948 368 1006 428 quo
1033 351 1082 410 lata

76 435 198 497 trahunt
225 435 439 514 retrahuntque
469 454 584 514 sequar.
629 434 804 514 Magnorum
831 438 933 516 itaque
957 438 1079 500 Caesaris

76 525 256 587 Ferdinandi
280 524 518 585 consiliariorum
541 524 661 586 hortatu
683 531 714 585 et
735 525 962 588 humanissimis
984 528 1077 588 litteris

76 619 172 676 rictus
200 614 236 675 ad
264 615 322 674 iter
349 632 396 674 me
424 631 569 692 praeparo
593 615 673 674 circa
694 613 808 674 Pascha
830 617 1003 678 ineundum.
1041 615 1074 676 ld

77 706 172 768 aulam
196 705 326 783 primum
344 702 535 781 Imperatoris
557 720 606 762 me
630 703 781 763 conseram
803 703 991 766 nobilitatem
1013 708 1072 766 eins

78 814 135 876 que
161 793 288 871 insignia
311 790 354 851 ibi
377 799 606 872 consecuturus;
633 797 702 870 post
724 794 756 851 in
780 791 916 853 Silesiam
940 795 1071 856 reditum

77 885 249 962 designatus
267 880 491 941 administrator
509 880 635 942 duarum
653 883 684 941 in
701 879 752 940 illa
765 881 971 960 dynastiarum
983 886 1071 963 prima

77 964 236 1034 riarum⁵¹⁸
259 963 349 1053 (quae
371 971 558 1049 principatus
579 969 664 1031 titulo
688 969 838 1048 qnondam
857 963 1072 1053 superbierunt),

78 1063 196 1123 iuturus
230 1077 348 1138 quoqne
381 1075 588 1137 supremorum
616 1057 728 1119 ibidem
755 1059 937 1120 iudiciorum
963 1077 1071 1141 praeses

23 1201 26 1205 .
77 1151 143 1212 h'on
167 1149 293 1208 deerunt
317 1140 409 1231 (scio)
430 1147 479 1208 hio
498 1146 625 1228 labores,
648 1166 746 1229 curae,
768 1147 923 1210 molestiae
942 1153 974 1210 in
991 1164 1072 1212 rerum

77 1238 276 1319 politicarum,
299 1237 493 1297 iuridicarnm
512 1244 542 1297 et
560 1239 818 1298 oeconomicarum
836 1241 923 1316 praxi
940 1246 1073 1320 perpetua,

79 1328 130 1388 sed
150 1344 206 1386 nec
225 1325 282 1386 alia
300 1327 376 1386 vitae
396 1326 549 1387 commoda
568 1345 602 1387 ac
621 1333 794 1387 ornamenta
813 1327 998 1410 desiderabo,
1013 1342 1072 1407 quac

78 1419 105 1477 si
132 1433 192 1476 non
219 1421 346 1494 prosunt
373 1414 503 1496 singula,
534 1422 634 1475 tamen
661 1417 760 1476 iuncta
790 1415 947 1478 delectant
995 1417 1073 1478 Etiam

79 1505 149 1567 alibi
177 1505 219 1565 dii
248 1504 379 1583 deaeque
406 1502 552 1585 habitant,
581 1522 656 1583 qnos
684 1523 792 1584 quasve
821 1505 955 1566 faventes
982 1519 1073 1567 numen

78 1595 175 1656 ubivis
199 1593 325 1654 reddere
348 1599 455 1672 potest.
496 1592 566 1653 Viro
589 1593 668 1653 bono
692 1612 778 1653 omne
803 1593 900 1655 solum
922 1598 1014 1674 patria
1031 1599 1075 1670 etl,

79 1703 153 1763 quae
178 1692 207 1743 et
231 1683 273 1743 ibi
296 1689 377 1742 recte
402 1684 551 1762 statuitur,
573 1682 625 1742 nbi
648 1682 725 1742 bene
744 1701 810 1743 esse
829 1690 938 1764 potest,
959 1704 996 1746 ne
1012 1684 1074 1745 lene

79 1773 225 1852 sperando
249 1779 279 1832 et
301 1771 377 1831 male
401 1771 536 1831 babendo
555 1778 687 1832 transeat
705 1774 782 1832 vitae
801 1773 992 1835 curriculum.
1028 1765 1074 1832 Sed

78 1862 114 1921 ad
138 1861 203 1921 alia.
248 1859 282 1920 ln
305 1862 424 1939 negotio
447 1863 618 1939 pecuniario
639 1859 823 1920 Nobilissimi
847 1860 901 1922 lln.
919 1855 1075 1924 Heinhoicri

78 1949 224 2010 nihildum
252 1949 414 2028 perfecisse
437 1950 479 2009 Te
503 1949 642 2010 demiror.
687 1948 806 2010 Adeone
830 1950 968 2012 homines
990 1955 1074 2013 inne

78 2056 178 2098 mores
202 2046 272 2098 sunt
294 2040 430 2116 praestiti
451 2036 612 2099 beneficii?
648 2037 737 2120 lnsta,
759 2047 991 2118 urgeeoeptum
1008 2052 1074 2118 opos

78 2127 193 2188 lurabit
211 2127 254 2187 Te
274 2145 308 2187 ea
326 2129 357 2186 in
376 2146 409 2187 re
429 2127 600 2207 Spectatiss.
620 2127 673 2188 Dn.
693 2126 861 2207 Chrisloph.
882 2127 1074 2202 Stobenbober,

79 2216 271 2278 cancellariae
299 2215 479 2298 electoralis,
512 2235 587 2297 qnae
615 2216 801 2295 Regiomonti
836 2224 896 2298 est,
928 2219 1074 2290 adiunctus,

79 2309 128 2368 cui
155 2324 251 2386 nuper
279 2304 434 2385 epistolam
462 2305 555 2366 3113.
574 2305 754 2366 Heinhofero
783 2305 963 2367 submissam
989 2299 1073 2369 traieci

79 2404 109 2457 et
140 2414 204 2456 rem
232 2413 350 2456 omnem
377 2397 489 2474 aperui.
539 2394 725 2473 Responsum
753 2396 886 2457 nondum
913 2396 982 2478 tuli,
1012 2386 1072 2474 quod

79 2486 296 2564 quamprimum
333 2503 400 2544 cum
433 2484 496 2544 Tuo
528 2483 719 2546 vehementer
751 2484 903 2565 desidero,
936 2493 1072 2564 antequam

78 2574 221 2633 nimirum
252 2572 322 2633 hinc
355 2573 466 2635 abeam.
519 2572 648 2633 Litteras
675 2572 795 2634 Vestras
828 2573 863 2634 ad
897 2592 945 2634 me
978 2568 1072 2636 enubit

78 2659 219 2722 Nobiliss.
238 2669 269 2721 at
286 2661 423 2740 Ampliss.
442 2661 496 2723 113.
515 2662 647 2723 Andreas
666 2661 753 2743 laski,
776 2661 967 2724 consiliarius
985 2663 1071 2724 electo

79 2750 150 2813 ralis
178 2752 334 2832 emeritus,
361 2750 472 2812 Fautor
496 2770 581 2812 meus
604 2750 808 2833 honorandus,
836 2754 888 2831 qni
912 2752 966 2813 bas
988 2749 1071 2813 desert

78 2840 242 2901 Morabitur
265 2839 417 2902 vobiscum
441 2859 496 2920 per
519 2843 713 2920 septimanam
736 2859 825 2902 unam
844 2847 896 2901 aut
914 2841 1030 2903 alteram
1045 2829 1070 2894 11

78 2933 248 3011 minimum3
277 2947 331 3008 ego
359 2936 458 2990 autem
481 2929 601 2990 Vestras
628 2936 696 2989 ante
722 2932 835 2991 exitum
858 2929 949 2992 huius
972 2925 1071 2999 mensis,

79 3022 105 3080 si
134 3021 200 3080 fieri
227 3025 338 3100 potest,
365 3018 416 3079 hic
444 3025 575 3097 expecto.
621 3019 666 3079 Tu
694 3021 753 3079 iam
778 3018 853 3080 mihi
874 3019 938 3080 vale
963 3028 992 3080 et
1012 3011 1071 3078 salu

79 3116 246 3189 aeternnm3
275 3109 389 3186 coeptis
418 3125 536 3186 quoque
564 3115 594 3167 et
621 3106 776 3168 conalibus
802 3107 995 3170 ulterioribus
1015 3101 1072 3167 rutil

79 3195 155 3257 bene
179 3199 297 3277 precari
320 3214 379 3256 non
404 3196 516 3276 desine,
540 3198 565 3255 si
588 3214 714 3256 mereor.

124 3336 382 3486 ⁰³}Dffiiffl
409 3340 441 3397 in
464 3339 558 3417 patria
584 3355 619 3397 ex
644 3337 767 3398 aedibus
790 3340 866 3399 meis
890 3339 918 3401 d.
939 3329 1071 3401 13313.

73 3444 98 3487 ³0
124 3423 169 3488 16
192 3442 220 3487 0⁴
372 3517 459 3581 Tuus
485 3536 523 3579 en
548 3514 607 3598 abc
623 3515 854 3576 1133333333
867 3515 1046 3585 naucum
