2370 3840
108 184 149 250 78
540 185 560 240 I.
581 184 693 241 Gruteri

106 342 202 416 notas,
225 337 330 395 iterato
354 334 418 416 tibi,
440 335 582 416 miltun,
605 341 635 396 et
652 334 786 395 Piocarto
810 336 974 395 tramittam
998 353 1053 414 per
1076 353 1121 395 oc-

107 426 265 485 casionem.
311 424 434 485 Interim
461 423 623 503 plurimum
650 430 679 484 te
707 441 773 484 amo
799 430 830 484 et
852 423 1030 505 amplector,
1057 423 1120 504 plus

106 531 176 573 vero
200 511 294 573 debeo
319 513 356 574 ob
379 513 611 593 prolixissimam
629 513 710 572 illam
727 519 810 573 tuam
827 515 1043 594 invitationem,
1067 531 1120 591 qua

107 604 138 662 in
170 610 200 663 te
233 603 367 662 derivare
401 604 485 680 cupis
513 602 699 662 collationem
726 620 781 662 ms.
809 600 933 663 Liviani.
982 601 1016 663 Si
1042 601 1121 663 lubet

105 691 170 773 tibi,
192 709 317 770 perine
342 709 412 752 sane
436 691 514 752 licet.
551 691 644 770 Perge
667 697 783 752 tantum
805 692 910 751 faustis
932 691 1048 772 avibus,
1072 691 1120 752 scd

106 799 174 841 oum
199 781 326 841 deerunt
348 782 472 861 potiora,
496 798 571 859 quae
594 798 672 859 agas.
718 779 792 840 Nam
815 786 849 840 nt
872 782 1010 859 graviora
1032 783 1121 840 inter-

105 873 215 950 mittas,
239 872 314 930 tanti
337 887 397 930 non
420 876 498 948 sunt,
521 887 581 929 non
603 875 691 929 erunt
707 877 795 929 notae
814 887 907 950 meae,
930 871 1037 948 utique
1056 887 1121 930 cum

105 961 163 1018 iam
201 966 300 1020 textus
339 958 513 1037 interpolari
545 957 672 1037 amplius
704 965 844 1038 nequeat,
881 960 933 1036 qui
965 958 1122 1019 excuditur

105 1049 193 1107 modo
216 1047 327 1126 praelis
350 1046 474 1108 duobus,
519 1045 588 1106 Vale
612 1054 642 1107 et
666 1047 753 1128 salve,
777 1046 899 1107 delicies
922 1065 1008 1107 mera
1027 1047 1122 1108 Musa·

104 1155 181 1217 rum,
203 1155 287 1216 mera
310 1154 381 1197 cura
403 1135 580 1196 Themistos

149 1241 424 1323 Heidelbergae,
448 1242 496 1302 die
519 1241 553 1301 X.
576 1240 646 1302 Maii
671 1237 766 1304 1607.

387 1348 467 1409 Tuus
492 1351 574 1408 omni
596 1349 738 1428 obsequio
762 1347 867 1409 lanus
891 1347 1081 1423 Gruterus.

373 1607 425 1677 ot.
448 1611 474 1678 Ι.
499 1609 657 1678 Gruterus
681 1610 716 1679 e.
738 1611 850 1679 Reme.
953 1618 955 1623 ’

105 1716 390 1787 (Heidelbergae).
904 1720 928 1770 8.
947 1713 1024 1770 iunii
1044 1723 1124 1773 1607.

170 1830 269 1891 Nobili
288 1830 530 1909 amplissimoque
549 1831 623 1910 viro,
642 1829 715 1890 lino.
734 1827 863 1908 Geor'gio
882 1827 985 1909 Remo,
1005 1829 1027 1890 l.
1041 1829 1074 1890 V.
1089 1829 1122 1890 D.

105 1925 134 1978 et
166 1918 336 1978 consiliario
368 1918 478 1979 Norico
511 1926 540 1980 et
571 1917 643 1979 lino.
671 1918 710 1998 pl.
739 1917 800 1978 obs
829 1916 1053 1997 Norimbcrgae.
1079 1951 1122 1962 -

57 2033 60 2038 ’
106 2009 212 2066 Proee
235 2008 286 2066 23.
312 2008 519 2068 lanitium.

171 2113 199 2173 S.
223 2113 253 2174 P.
291 2113 334 2173 lta
366 2121 425 2194 est,
458 2116 504 2174 vir
535 2114 729 2174 nobilissime.
775 2112 865 2174 Recte
895 2113 970 2173 mibi
997 2112 1123 2174 tradidit

103 2201 205 2263 literas
228 2210 294 2263 tuas
319 2202 372 2264 Dn.
396 2202 554 2284 Freberm,
578 2202 686 2282 quibus
710 2205 889 2263 memineras
912 2201 1026 2263 codicis
1048 2201 1121 2263 Hnl-

104 2293 180 2352 siani
217 2295 320 2372 eisque
358 2295 447 2354 etiam
485 2294 585 2352 statim
621 2291 763 2370 respondi
798 2297 977 2370 procurante
1014 2291 1120 2352 eodem

101 2379 240 2442 Frehero.
279 2382 336 2443 Sed
360 2389 392 2443 et
414 2384 607 2442 memineram
626 2386 780 2459 praeterea
798 2380 887 2441 huius
906 2383 952 2440 rei
970 2382 1004 2440 in
1022 2379 1120 2442 literis

102 2472 178 2530 meis
216 2471 320 2530 eodem
351 2489 445 2550 paene
479 2471 526 2530 die
559 2471 595 2530 ad
627 2469 680 2530 Du.
713 2468 947 2529 Rittershusium
979 2471 1120 2549 exaratis,

102 2576 176 2636 quas
200 2565 375 2637 recepturus
395 2566 458 2619 erat
476 2557 621 2637 Amberga
639 2561 781 2619 tramissu
799 2557 881 2619 [loct.
900 2557 960 2617 lob.
979 2552 1120 2619 Ulrici³⁷⁹

101 2645 300 2707 illustrissimi
331 2649 427 2706 nostri
454 2646 565 2708 ibidem
594 2646 765 2709 consiliarii.
811 2646 897 2708 Nunc
924 2653 958 2707 ut
986 2665 1037 2708 res
1064 2655 1119 2726 est,

101 2736 187 2798 video
211 2743 353 2815 utrasque
376 2737 511 2817 periisse,
536 2737 614 2815 quod
634 2755 721 2815 aegre
739 2736 813 2797 mihi
832 2743 885 2797 est.
922 2735 1020 2796 Pudet
1038 2738 1118 2796 enim

100 2833 143 2907 te,
171 2829 213 2886 mi
240 2825 325 2907 line,
354 2825 572 2903 diligentiorem
604 2845 669 2886 esse
698 2833 728 2886 et
754 2827 970 2904 promptiorem
998 2827 1118 2886 muneri

99 2918 227 2977 maximo
261 2914 413 2975 offerendo
447 2914 688 2995 oggercndoque,
726 2933 814 2994 quarn
847 2932 900 2992 ego
933 2913 1117 2992 recipiendo.

99 3004 137 3066 Et
163 3023 234 3065 vero
263 3023 312 3065 res
340 3022 372 3064 sc
401 3005 444 3063 sic
467 3002 563 3063 babet.
609 3004 670 3063 lam
694 3010 740 3063 est
764 3003 819 3064 sub
842 3001 943 3081 praelo
967 2995 1117 3063 Livins⁸⁶⁰

99 3097 130 3155 in
155 3095 188 3154 t⁰
211 3094 297 3155 litera
322 3092 427 3172 grandi
446 3098 533 3171 atque
553 3091 688 3173 eleganti,
712 3091 852 3153 editionis
870 3090 1035 3173 Modianae,
1058 3093 1118 3152 nisi

99 3183 177 3261 quod
201 3181 352 3243 nonnullis
376 3181 449 3242 locis
473 3199 538 3241 eam
561 3181 716 3242 meliorem
740 3181 862 3243 fecerim
885 3199 921 3241 ex
948 3180 1118 3261 Sigoniana,

98 3269 151 3331 ubi
179 3269 228 3330 illa
256 3271 460 3332 consentiebat
488 3276 539 3331 aut
562 3289 629 3331 cum
652 3269 721 3331 Mss.
745 3272 856 3332 nostris
879 3269 948 3331 Pall.
973 3277 1025 3331 aut
1048 3289 1117 3331 cum

98 3359 220 3418 ratione.
257 3358 421 3419 Distinctus
445 3366 542 3419 autem
567 3367 613 3421 est
630 3378 685 3439 per
704 3362 799 3439 capita
819 3353 895 3444 (sive
914 3360 1118 3440 paragraplros

95 3465 201 3506 rorare
229 3440 336 3533 malis)
368 3449 504 3528 margine
532 3451 692 3531 interiore,
720 3456 756 3509 ut
781 3450 892 3510 lactum
919 3455 966 3510 est
993 3449 1118 3528 quidem

72 3541 235 3616 uteunque
262 3540 296 3600 in
329 3534 527 3602 Sallustiol81
559 3547 591 3602 ct
611 3532 779 3620 Tacitum,
804 3537 861 3596 sed
882 3537 980 3612 magus
999 3553 1040 3592 ex
1054 3547 1127 3594 noto
