2370 3840
78 152 101 218 2
514 147 661 219 Epistulae

80 309 162 381 sunt,
185 301 316 380 fuerunt,
338 306 435 380 erunt,
457 306 667 378 praestantem.
711 298 859 360 lluessalii
882 307 982 360 autem
1009 300 1114 365 libros

80 390 117 451 de
136 387 274 469 partibus
292 391 427 467 corporis
445 381 604 448 humani¹⁰
618 387 752 448 nondum
771 388 846 470 ridi3
869 407 938 449 nam
957 397 988 449 et
1008 410 1112 470 33333

80 496 185 539 eorum
210 476 345 557 exempla
366 476 499 556 lipsiam
522 476 608 536 allata
634 478 755 537 fuerunt
778 485 809 537 et
831 486 927 559 antea,
950 497 1045 557 quam
1070 482 1111 543 de

80 571 120 627 iis
148 575 263 628 certum
286 564 442 648 haberem,
465 565 625 626 divendita
670 565 836 645 Diligenter
859 566 984 649 curabo,
1007 577 1046 629 ut
1069 590 1110 632 ex

79 655 292 717 Francofordio
315 655 351 716 ad
375 674 423 716 me
447 661 649 735 apportentur.
694 654 865 717 1113331133
891 666 1109 735 argumentum

80 764 96 806 3
120 745 242 806 Graecis
264 763 325 805 non
348 747 421 805 satis
444 763 511 805 esse
536 743 728 824 explicatum,
750 748 929 823 praesertim
952 765 1023 806 cum
1048 747 1109 809 Ga-

79 835 180 916 lenus,
207 828 446 913 3331113113313
468 829 662 913 3111333311
685 840 773 912 atque
797 833 884 915 31133,
909 837 941 894 13
964 853 1001 894 33
1026 837 1108 897 mul·

79 933 144 986 tum
163 940 271 1003 operae
290 923 441 1002 studiique
458 925 602 1003 posuerit
635 922 668 982 Si
686 925 804 984 1333313
817 925 963 984 acerrimo
979 927 1109 1003 ingenio

80 1013 175 1074 aliena
199 1015 318 1073 inventa
340 1030 396 1091 333
419 1013 483 1074 3313
505 1028 567 1071 333
589 1011 760 1092 venditavit,
782 1020 813 1072 et
832 1029 919 1072 nemo
936 1015 985 1072 313
1002 1013 1108 1076 bonus

80 1104 146 1164 eius
179 1101 357 1162 industriam
389 1109 421 1161 et
451 1101 585 1162 studium
616 1099 797 1179 improbabit
828 1109 859 1162 et
889 1100 1008 1162 laudem
1044 1104 1107 1166 sibi

79 1193 176 1272 pariet
207 1208 309 1250 veram
341 1197 372 1250 et
404 1189 542 1270 solidam3
575 1192 623 1249 siu
655 1193 686 1249 in
718 1189 846 1250 alienam
877 1193 1106 1269 possessionem

79 1289 193 1340 temere
216 1278 323 1357 pedem
345 1281 460 1360 posuit,
487 1281 555 1358 quis
583 1296 643 1338 non
665 1278 746 1339 videt
769 1277 880 1339 Galeno
902 1296 963 1340 uon
986 1280 1106 1364 defore,

80 1371 133 1449 qui
159 1370 356 1447 praeeipitem
382 1384 420 1428 ex
442 1385 478 1428 33
501 1364 682 1428 exturbent?
717 1367 777 1428 Sed
800 1385 889 1448 spero
911 1368 1105 1432 Vuessalium

78 1463 230 1538 3331133,
257 1459 327 1536 quia
354 1473 423 1517 cum
449 1455 552 1516 multis
579 1463 610 1516 et
635 1458 752 1535 magnis
775 1459 918 1539 ingeniis,
944 1465 979 1518 31
1001 1460 1105 1542 audio,

80 1545 267 1608 conflictatus
290 1553 346 1625 est,
368 1547 468 1606 omnia
491 1545 601 1606 iudicio
620 1545 798 1625 expendisse
818 1554 849 1607 et
867 1563 920 1607 333
939 1547 1105 1626 diligenter

79 1634 259 1717 explicasse,
290 1642 379 1715 atque
411 1652 448 1696 33
480 1636 575 1713 magis
606 1635 637 1694 id
665 1652 767 1716 spero,
799 1635 880 1715 quod
907 1635 1105 1700 33113333133

78 1725 166 1787 33113
189 1732 292 1786 nostra
315 1731 411 1785 aetate
433 1724 571 1784 bomines
594 1726 734 1805 existere,
757 1727 810 1804 qui
828 1724 941 1804 aliquid
962 1727 1000 1786 ad
1018 1736 1103 1788 3313-

81 1830 149 1876 rum
167 1817 286 1874 1333313
305 1813 414 1874 addere
433 1815 558 1891 possint.
594 1811 688 1873 Venio
706 1830 786 1875 nunc
805 1814 841 1875 ad
857 1813 1104 1898 Brancaleonem,

80 1905 146 1984 qui,
173 1911 207 1963 31
234 1901 357 1982 33311113,
383 1900 629 1981 pbilosophorum
652 1904 843 1982 antiquorum
865 1905 1039 1983 opinionem
1062 1905 1103 1966 de

80 2000 179 2053 terrae
202 1998 285 2051 3313
307 1989 345 2050 311
367 1989 527 2051 Aristotele
550 1990 692 2052 defendit
728 1992 788 2053 Sed
811 1990 993 2072 quamnam?
1022 1993 1102 2056 Cum

79 2082 160 2142 enim
182 2077 357 2140 13131313133
384 2097 401 2140 3
429 2078 533 2140 331113
559 2086 623 2140 1333
650 2075 806 2162 3313113113,
833 2084 961 2161 primam
984 2082 1101 2144 Anaxa-

79 2187 178 2251 gorae,
196 2171 249 2249 qui
267 2169 367 2248 ignem
385 2175 484 2229 terrae
502 2175 601 2229 motus
620 2187 741 2230 eausam
759 2188 825 2231 esse
843 2179 955 2252 censet,
974 2171 1101 2234 alteram

78 2258 255 2340 Democriti,
286 2260 338 2338 qui
370 2274 491 2340 aquam,
523 2260 642 2319 tertiam
668 2259 874 2341 Anaximenis,
905 2263 959 2339 qui
985 2268 1102 2322 terram

78 2351 187 2429 ipsam,
214 2350 358 2428 percupio
387 2350 479 2429 33133,
505 2364 595 2428 quam
622 2366 659 2408 ex
686 2349 753 2408 istis
776 2348 884 2427 probet
905 2348 1101 2432 Brancaleon,

79 2446 109 2499 31
130 2438 232 2498 videre
255 2435 389 2499 libellum
412 2439 493 2518 eius,
519 2455 611 2516 quem
636 2437 673 2498 de
697 2439 735 2497 iis
758 2437 850 2499 rebus
873 2440 995 2518 scripsit
1017 2439 1101 2518 vulgi

79 2519 258 2587 sermoue¹³.
307 2525 367 2587 Sed
404 2524 477 2605 quid
513 2521 624 2587 audio?
668 2525 779 2587 Romae
816 2527 935 2588 metalla
970 2529 1101 2607 inquirit

77 2614 230 2696 Horstius,
257 2613 310 2676 ubi
333 2617 392 2676 etsi
414 2614 508 2676 multa
531 2617 645 2694 signata
668 2615 847 2677 3133311313
870 2624 953 2696 sunt,
981 2616 1100 2678 nullum

77 2712 178 2765 tamen
197 2703 347 2786 effoditur,
366 2711 405 2785 et,
426 2704 506 2784 quod
524 2705 599 2765 mibi
615 2707 712 2784 magis
730 2707 841 2766 mirum
859 2706 986 2786 ridetur,
1008 2704 1100 2766 bomo

76 2793 218 2876 11313333,
245 2810 335 2873 quem
360 2795 489 2873 piscium
510 2800 648 2855 naturam
671 2793 829 2855 observare
852 2794 971 2856 facilius
993 2795 1100 2856 crede-

77 2900 155 2965 rem,
187 2898 278 2963 3333
309 2884 374 2945 auri
407 2882 453 2944 331
479 2885 596 2962 argenti
623 2900 714 2943 33333
742 2886 878 2944 scrutari
925 2883 984 2944 Sed
1012 2891 1099 2946 extra

77 2974 193 3035 iocosas
225 2971 422 3054 ratiunculas,
453 2975 554 3052 magni
581 2991 647 3033 mea
674 2972 769 3032 refert
795 2991 832 3033 ex
860 2980 890 3034 te
918 2970 1101 3056 intelligere,

77 3063 149 3142 quid
181 3065 227 3124 313
258 3063 296 3123 ad
327 3061 567 3140 investigandum
598 3068 704 3122 acutus
738 3069 768 3122 et
800 3061 895 3123 solers
923 3063 1033 3123 sentiat
1059 3063 1100 3124 de

77 3151 220 3233 metallis,
247 3151 319 3230 quid
342 3151 380 3213 de
403 3153 543 3233 gemmis,
570 3149 702 3230 quidde
725 3151 940 3231 marmoribus,
964 3151 1035 3231 quid
1058 3152 1100 3213 de

77 3233 267 3321 lapidibusu,
289 3241 362 3320 quid
385 3241 422 3302 de
447 3242 535 3321 saxis,
559 3239 630 3320 quid
652 3238 691 3300 de
712 3242 803 3301 terris
822 3239 1001 3321 insignibus,
1023 3240 1099 3320 quid

77 3328 207 3408 denique
231 3329 268 3389 de
292 3332 391 3391 succis
413 3337 475 3391 tam
497 3329 629 3410 liquidis,
653 3347 742 3409 quam
763 3332 923 3391 connatis.
961 3326 1007 3390 Tu
1026 3348 1100 3391 con·

76 3419 132 3480 1133
160 3420 391 3480 commentarios
418 3437 522 3480 earum
549 3437 664 3500 rerum,
695 3424 730 3480 31
757 3419 845 3501 mibi,
872 3436 941 3480 cum
968 3422 1100 3501 3333313,

70 3505 107 3563 de
127 3508 171 3564 1'1's
194 3505 339 3570 omnibus
361 3508 539 3571 satisfacere
561 3509 673 3592 possis
