2370 3840
499 173 638 244 epistolae
1031 172 1072 237 61

55 328 183 382 eventus
207 321 333 382 docebit.
380 321 426 383 Tu
449 322 520 401 quid
544 341 613 402 agas
637 325 709 402 quid
732 343 806 405 non,
834 325 881 385 fae
905 325 1005 384 seiam.
1051 325 1076 384 Α

54 409 193 471 Welsero
225 429 322 490 nuper
352 410 445 471 habui
476 411 632 490 epistolam
664 413 819 494 Schoppii,
856 431 944 493 quam
981 415 1013 473 in
1045 420 1075 474 te

55 501 202 579 scriptam
220 498 306 561 facile
326 494 514 583 suspicerm,
533 498 775 584 faetum'seaeve,
793 503 902 563 litteris
921 501 1075 563 subitanee

56 591 180 668 seriptis
213 596 243 650 et
273 595 364 669 prout
395 591 526 669 quidque
558 593 590 651 in
621 591 746 652 buccam
777 594 871 673 venit,
907 591 1075 652 rescribere

55 676 186 757 publice.
210 679 243 739 Si
257 681 346 760 sapiS,
359 679 524 741 vindicabis
538 687 568 741 te
582 679 646 740 solo
661 679 780 741 silentio
794 682 910 760 hocque
924 681 1076 740 hominem

56 769 189 847 pessime
211 767 344 848 babebis,
368 771 453 830 euius
476 769 633 830 crescendi
654 772 778 830 materia
800 769 921 850 peribit,
944 770 971 829 si
989 769 1077 829 dissi-

56 855 228 917 mulaveris.
250 856 304 918 113.
319 855 431 919 Gentili
449 858 613 919 scriberem
632 866 662 919 et
676 859 841 937 gratularer
855 877 923 920 eum
938 857 1076 918 omnibus

57 945 156 1006 doctis
180 953 210 1006 et
231 946 320 1006 bonis
342 949 497 1008 victoriam
524 947 668 1028 debitam,
696 950 757 1008 nisi
783 950 884 1027 potius
914 965 1078 1026 augurarer

58 1034 138 1116 fore,
161 1053 230 1096 enm
252 1035 337 1096 brevi
359 1036 408 1098 hio
430 1036 555 1097 habeam
583 1037 803 1117 amplectarque
825 1055 968 1116 praesens
990 1055 1077 1116 prae-

58 1130 184 1185 sentem.
230 1124 353 1185 lnterim
385 1133 484 1186 tamen
516 1125 639 1194 multam
672 1128 701 1186 ei
732 1145 749 1186 a
780 1144 828 1186 me
862 1126 1003 1208 salutem,
1035 1127 1077 1185 mi

58 1211 249 1298 Rittersbusi
287 1213 332 1275 Tu
355 1233 473 1294 quoque
496 1215 560 1275 vale
585 1222 614 1275 et
636 1233 684 1275 mo
708 1233 773 1276 ama
797 1214 1001 1298 Gruterum,
1026 1216 1077 1295 qui

57 1300 133 1362 haee
156 1302 388 1382 praecipitabam

107 1418 415 1530 (Heidelbergae),
438 1429 487 1490 die
513 1425 653 1524 texor.
675 1426 793 1521 1599„
846 1517 849 1522 A

268 1705 321 1776 48.
353 1708 379 1776 i.
403 1707 562 1777 Gruterus
585 1710 616 1778 G.
639 1707 873 1776 Rittersbnsio.

65 1831 350 1905 (Heidelbergae).
852 1838 894 1886 22.
914 1832 980 1886 Deo.
1001 1837 1078 1888 1399.

130 1928 160 1989 S.
183 1929 259 1990 Ante
277 1929 342 1991 dies
368 1931 499 2009 quinque
522 1932 646 1990 memini
668 1948 717 1990 me
740 1928 797 1990 tibi
820 1929 962 2010 seribere,
985 1930 1079 1990 amice

61 2019 231 2100 carissime3
264 2019 316 2080 sed
348 2019 420 2080 dum
451 2019 610 2080 admodum
642 2021 750 2080 festino
783 2037 880 2098 neque
913 2025 1014 2080 essent
1043 2019 1080 2079 ad

61 2125 185 2169 manum
206 2107 312 2169 literae
334 2114 416 2190 tuae,
439 2110 631 2190 factumest,
658 2111 704 2169 uti
727 2107 838 2169 oblitus
861 2109 977 2190 fuerim,
1001 2107 1080 2187 quod

62 2199 192 2259 maxime
211 2195 353 2279 volebam,
377 2216 464 2277 agere
484 2196 599 2258 sedicet
620 2197 714 2258 multo
733 2200 877 2258 maximas
895 2197 953 2257 tibi
970 2199 1080 2275 gratias

63 2286 101 2348 ob
125 2287 383 2348 transmissionem
405 2286 614 2348 Analeetorum
634 2286 760 2346 Pontani
783 2279 919 2365 illius297,
942 2287 991 2345 cui
1013 2302 1080 2344 meo

62 2379 184 2438 nomine
202 2377 249 2436 uti
267 2377 356 2436 etiam
374 2375 483 2437 uberes
501 2394 571 2455 agas
589 2377 708 2455 gratias,
731 2374 893 2453 plurimum
911 2380 941 2433 te
961 2390 1080 2452 quaeso.

62 2465 213 2527 Indicium
235 2466 314 2525 ferre
338 2464 374 2527 de
398 2467 510 2546 scripto
533 2465 584 2524 illo
608 2462 736 2524 necdum
754 2480 877 2542 possum
895 2469 998 2542 utpote
1021 2480 1082 2522 non

62 2555 142 2617 lecto
167 2555 203 2615 ob
228 2553 285 2615 3133
309 2554 419 2636 studia,
447 2555 556 2634 quibus
580 2556 750 2631 immergor.
796 2551 889 2612 Totus
912 2554 992 2614 enim
1016 2570 1082 2613 sum

63 2648 97 2705 in
119 2642 368 2724 inscriptionibus
391 2643 452 2704 illis
475 2645 614 2723 antiquis,
643 2644 728 2722 sique
752 2641 967 2720 aliquantulmn
990 2644 1082 2702 inter·

64 2737 170 2817 iungo,
201 2732 292 2794 babet
318 2751 366 2794 me
394 2732 562 2794 Onosandri
589 2732 766 2813 Imperator,
799 2734 831 2792 in
859 2749 949 2811 quem
976 2730 1083 2791 molior

64 2831 152 2885 33133
170 2822 316 2902 politicas.
345 2822 488 2884 Putabam
507 2823 640 2883 futurum
663 2824 708 2882 uti
732 2840 800 2882 eum
819 2820 970 2899 vulgarem
993 2837 1083 2898 pane-

64 2915 132 2994 gyri
149 2914 294 2992 proxima.
331 2912 389 2974 Sed
408 2930 476 2973 eum
493 2911 544 2972 hie
563 2913 672 2972 iterum
691 2917 793 2972 essent
812 2909 990 2988 sculpendae
1009 2908 1083 2986 tigu-

63 3020 117 3063 rae
136 3007 200 3063 tres
220 3009 355 3083 quatuor,
379 3000 606 3062 Commeliniani
629 3007 765 3080 sumptus
784 2999 922 3059 videntur
946 2997 1083 3074 refugere

64 3110 100 3153 ao
123 3093 240 3153 iussere
264 3098 435 3171 expectare,
458 3091 529 3151 dum
552 3088 734 3168 Rigaltianas
757 3079 912 3167 figuras²⁹⁸
935 3085 993 3145 levi
1015 3102 1084 3146 aere

64 3180 191 3242 Parisiis
224 3186 390 3242 evocarent.
436 3179 485 3240 Sic
512 3179 623 3259 pendet
654 3177 731 3238 13333
762 3183 864 3236 333133
896 3174 932 3234 ab
963 3175 1085 3235 avaritia

64 3270 327 3351 typographomm
373 3267 533 3329 Gloriolam
566 3269 675 3348 quippe
708 3264 876 3345 aucupabar
908 3262 1037 3344 aliquam
1069 3283 1086 3325 a

65 3357 214 3420 brevitate
233 3359 387 3440 temporis,
411 3376 469 3437 quo
489 3376 539 3418 eas
558 3364 644 3417 notas
664 3357 883 3435 concinnaram,
907 3373 976 3414 eum
995 3352 1083 3414 Grae·

65 3447 156 3510 culus
177 3448 227 3510 ille
249 3450 380 3528 primum
406 3448 553 3528 prodierit
580 3449 661 3508 intra
690 3463 806 3508 annum
822 3450 1009 3506 uertentem.
1042 3441 1105 3494 uu

66 3539 94 3597 si
120 3556 175 3615 qna
194 3539 229 3596 in
248 3554 284 3597 re
306 3545 358 3598 aut
380 3537 437 3601 bae
462 3545 515 3602 aut
535 3538 589 3603 3113
607 3557 667 3602 333
685 3539 796 3602 iurare
816 3542 874 3598 aut
892 3544 1009 3592 ornare
1022 3527 1137 3597 uma
