2370 3840
100 164 163 228 106
492 162 527 218 H.
547 160 719 232 Thederingi

99 331 203 392 pressa
227 330 361 392 quaeque
381 311 459 372 Deus
482 319 545 371 rata
568 313 653 372 firma
676 331 743 372 esse
766 311 876 392 iubeat,
898 311 980 372 nulla
1003 311 1060 372 alia
1081 311 1113 371 ab

98 401 130 462 Α.
154 402 185 462 V.
213 408 317 481 petere
345 409 395 462 aut
419 419 541 479 sperare
566 400 731 462 debuimus.
778 401 851 472 Quis
875 403 956 461 enim
980 403 1040 462 nisi
1063 403 1112 461 im·

100 492 336 572 pudentissimos
361 492 589 568 occupatissimo
608 492 833 569 occupationem
852 487 998 551 adderet?
1021 490 1112 551 Etiam

98 581 233 641 voluntas
256 583 288 640 in
311 587 392 640 tanto
407 581 595 657 negotiorum
614 598 762 640 concursu
787 581 880 639 nimia
899 579 996 639 m'deri
1014 581 1111 659 possit.

100 670 158 731 Sed
177 659 235 729 iam
256 669 356 729 deficit
374 676 493 747 tempus
513 666 691 729 subiiciendi
709 667 834 749 reliqua,
852 687 928 746 quae
948 668 1111 729 litterarum

98 759 130 820 Α.
153 759 184 819 V.
217 758 334 838 pondus
368 760 525 836 attingunt.
576 756 714 818 desinam
746 760 837 836 igitur
868 758 918 818 hic
951 765 982 818 et
1013 776 1111 819 novam

97 849 188 909 telam
211 847 346 908 Genevae
370 847 478 907 ordiar.
520 845 604 917 Quod
627 853 661 906 ut
683 846 769 907 nobis
793 847 882 907 salvis
906 853 937 907 et
960 847 1108 908 incolumi·

98 937 155 998 bus
189 939 409 1016 quamprimum
441 935 541 1015 liceat,
573 934 667 996 Deum
700 935 733 995 0.
763 935 799 995 Μ.
833 935 1009 997 ardentibus
1042 939 1107 997 votis

100 1026 280 1107 sollicitabo,
317 1025 425 1105 quibus
457 1024 488 1085 V.
516 1023 548 1084 Α.
586 1024 769 1104 aliorumque
802 1027 899 1085 nostri
931 1025 1106 1086 studiosissi-

97 1135 214 1177 morum
247 1123 444 1176 consonatum
476 1112 575 1173 nullus
608 1113 720 1174 dubito.
771 1113 840 1176 Vale
869 1148 912 1157 -
941 1114 1044 1196 Salve,
1073 1116 1105 1174 ni

100 1205 219 1266 Clariss.
247 1203 300 1264 Du.
325 1202 356 1263 b.
380 1203 486 1284 Reme,
513 1201 623 1263 Fautor
651 1210 681 1263 et
708 1202 834 1263 Patrone
858 1203 994 1264 Parentis
1022 1207 1104 1264 instar

98 1300 277 1373 perpetuum
304 1291 483 1352 honorande.
531 1291 662 1352 Salutem
690 1311 808 1371 qnoque
835 1293 867 1353 Α.
891 1292 922 1353 V.
956 1293 1103 1373 plurimam

99 1389 130 1443 et
157 1383 405 1442 officiosissimam
432 1383 537 1442 nuntio
566 1399 582 1440 a
610 1380 750 1442 Nobiliss
773 1380 826 1442 Dn.
850 1382 1020 1444 Maecenate
1047 1398 1101 1442 meo

97 1471 271 1532 Mar-Conr.
296 1490 313 1531 a
334 1469 469 1550 Rehling.

164 1560 233 1622 Dab.
253 1560 432 1639 Augustae
455 1557 637 1639 Vindelic.,
660 1559 757 1638 pridie
776 1559 973 1638 profectionis
991 1560 1100 1622 Gallica·

97 1669 161 1732 nae,
184 1651 212 1712 h.
237 1669 261 1711 e.
286 1648 337 1711 21.
362 1649 442 1729 Sept.
467 1668 510 1709 ao.
537 1645 632 1710 1618.

438 1754 533 1835 Ampl.
557 1762 587 1815 et
609 1754 719 1816 Exoell,
742 1754 863 1816 Vestrae
888 1755 1004 1818 observ.

342 1862 565 1922 Hermannus
589 1860 839 1940 'l'hederingus
864 1861 1066 1925 Dantiscanus.

164 1987 281 2048 Inclusa
304 1985 440 2065 epistolia
463 1987 521 2046 duo
546 2004 665 2066 quaeso,
691 2004 729 2045 ne
752 2005 840 2065 grave
864 1989 903 2047 sit
921 1988 958 2048 ad
979 2007 1031 2050 sua
1048 1987 1099 2047 loca

98 2095 212 2138 curare.
249 2075 333 2148 Quod
357 2076 478 2135 domum
502 2082 534 2135 et
553 2077 679 2154 patriam
701 2093 799 2135 meam
818 2083 940 2158 spectat,
964 2076 1017 2138 bn.
1039 2078 1099 2138 lan.-

99 2165 267 2245 Cbristopb.
292 2165 482 2226 Sobeurelius
506 2163 552 2224 vel
575 2162 629 2224 bn.
652 2163 740 2224 blare.
760 2163 839 2225 Frid.
858 2161 1010 2226 Plauth4⁸³
1031 2172 1098 2228 recte

99 2257 226 2337 curabit3
267 2254 393 2317 alterum
430 2252 526 2314 oblata
563 2254 718 2313 occasione
756 2253 948 2334 Myrtilletum
986 2253 1099 2335 ablegari

99 2349 217 2424 poterit.
262 2344 294 2406 B.
318 2344 349 2406 V.

325 2585 374 2655 76.
406 2587 443 2655 Η.
467 2585 694 2673 Vbederingus
720 2585 754 2654 (i.
777 2585 888 2655 Reno.

99 2691 264 2748 Genevoo.
887 2697 929 2748 29.
949 2693 1017 2748 Deo.
1036 2693 1100 2748 1618.

166 2806 337 2884 ..Georgio
360 2805 496 2865 Remo..
517 2804 643 2865 Senatus
666 2804 821 2883 Noriberg.
869 2804 1046 2867 Consiliario
1066 2808 1101 2865 io·

97 2899 170 2957 timo
193 2897 335 2976 primario
351 2942 357 2955 .
373 2942 379 2955 .
395 2893 582 2972 Ndrnbergk.
606 2894 693 2954 Aulm
711 2893 875 2972 Dillingbol
893 2941 899 2955 .

182 2984 372 3045 Nobilissime
396 2991 483 3062 atque
507 2982 695 3061 Amplissime
719 2982 772 3044 nn.
796 2982 905 3043 bootor
928 2983 1029 3067 Reme,

297 3072 406 3134 Fautor
430 3079 460 3132 et
481 3071 608 3132 Patrone
632 3078 758 3132 aetatem
781 3071 919 3133 colende!

165 3163 250 3235 Quod
270 3163 409 3223 Summus
432 3161 508 3222 bene
532 3168 628 3221 vertat
645 3160 721 3243 lova,
745 3161 841 3221 denuo
864 3163 1106 3240 peregrinationis

99 3258 218 3312 nostrae
240 3254 273 3312 in
295 3251 351 3312 bac
373 3254 432 3311 vita
451 3268 562 3311 annum
581 3249 760 3310 absolvimus
779 3250 874 3329 adque
893 3269 1004 3311 novum
1022 3267 1107 3332 prope

99 3338 293 3400 accessimusl
325 3339 411 3399 Hunc
433 3339 527 3418 Ampl.
551 3338 672 3399 Vestrae
697 3339 825 3399 faustum
848 3339 1108 3421 felicissimumque

93 3428 135 3487 ab
153 3427 338 3489 immanuele
366 3427 453 3490 nobis
476 3435 560 3511 nato,
587 3427 675 3488 nobis
698 3428 766 3488 dato
790 3430 930 3490 animitus
953 3448 1063 3509 precor
1085 3436 1111 3490 et

75 3524 197 3598 exopto,
245 3518 312 3582 lVec
337 3519 397 3584 boo
424 3519 541 3604 solum,
564 3518 739 3582 sedetiam
758 3524 796 3576 ut
812 3519 1008 3592 inseqremss
1027 3537 1118 3576 annos
