2370 3840
499 173 637 244 epistolae
1033 176 1076 240 97

54 328 110 406 ita,
133 331 169 385 ut
192 343 247 386 nec
270 323 446 404 capillorum
468 323 644 404 lapsusnec
663 325 875 386 vilissimorum
893 327 1080 405 passerculo-

56 432 129 475 rum
153 413 268 474 volatus
291 432 357 474 eam
380 412 586 495 subterfugiat,
609 417 712 494 utique
731 433 786 475 nec
806 415 904 475 cordis
923 416 1080 477 dimidium

57 511 91 564 et
116 504 204 582 quasi
227 502 318 564 altera
341 503 470 563 hominis
494 505 645 582 coniugati
672 506 731 564 vita
760 506 824 564 sine
848 506 981 565 eiusdem
1004 513 1079 567 nutu

59 591 247 653 succumbet.
279 590 361 664 Quae
382 593 475 671 igitur
497 591 557 652 Deo
581 600 684 653 nostro
707 593 892 674 placuerunt,
915 593 1001 654 nobis
1025 614 1080 655 cur

57 678 277 760 displicerent?
299 683 476 761 praesertim
500 681 618 760 quando

106 805 191 876 Quod
206 805 284 866 Deus
299 807 434 886 imponit,
453 805 540 866 molle
561 813 619 888 est,
639 806 718 885 quod
737 806 857 887 iudicat,
877 791 1005 886 aequum
1019 815 1079 889 est,

151 894 236 965 Quod
255 897 366 976 statuit,
384 889 497 956 iustum
516 902 574 977 est3
595 895 673 975 quod
693 897 771 976 iacit,
791 914 878 956 omne
897 896 1009 956 bonum
1024 903 1079 977 est,

59 1045 90 1098 et
114 1036 189 1097 Eius
213 1044 314 1097 sancta
337 1035 472 1098 voluntas
496 1039 629 1098 omnium
653 1040 748 1098 instar
767 1040 916 1099 rationum
935 1038 1021 1099 nobis
1041 1042 1081 1099 sit

61 1134 91 1187 et
125 1144 192 1186 esse
225 1122 352 1186 debeat?
397 1125 468 1187 Fato
502 1129 582 1186 euim
618 1129 795 1208 iunguntur,
832 1128 891 1188 fato
925 1127 1079 1189 solvuntur

59 1234 180 1276 amores
216 1215 395 1295 tandemque
431 1214 518 1276 bonis
556 1218 656 1276 omnia
692 1219 723 1276 in
757 1215 867 1278 bonum
905 1217 1014 1277 cedunt
1051 1225 1081 1278 et

60 1311 233 1384 operantur.
275 1303 419 1365 Videntur
442 1304 563 1384 quidem
586 1305 672 1365 nobis
696 1304 781 1386 mala,
805 1306 913 1384 quibus
937 1307 1026 1367 iidem
1050 1315 1080 1366 et

60 1395 323 1473 aequanimitatem
345 1399 479 1454 nostram
502 1393 628 1454 subinde
654 1401 773 1454 exercet
796 1394 885 1475 licus,
908 1403 1080 1456 nostrorum

60 1502 99 1544 ex
121 1483 177 1542 hac
200 1483 327 1542 statione
350 1484 500 1563 migratio,
528 1485 649 1562 propria
677 1491 778 1543 nostra
806 1484 926 1544 afflictio
951 1492 981 1544 et
1004 1503 1079 1563 quae

58 1572 109 1632 bis
123 1570 265 1631 accedere
284 1577 423 1652 possunt,
447 1571 499 1631 sed
518 1590 621 1632 revera
640 1571 716 1631 mala
735 1590 794 1631 non
814 1579 891 1653 sunt,
910 1591 1004 1650 poena
1019 1590 1079 1632 non

61 1667 146 1740 sunt,
179 1657 369 1741 ὃοκιμασίαι
402 1668 472 1721 3111
503 1668 533 1721 31
559 1679 676 1721 amarae
710 1660 854 1739 quaedam
884 1663 1009 1738 sagittae
1043 1680 1079 1721 ex

60 1749 144 1810 dulci
161 1748 216 1808 Dei
235 1767 326 1809 manu
344 1751 478 1809 emissae.
510 1748 548 1809 Et
567 1751 593 1809 si
611 1751 738 1809 maxime
758 1748 827 1808 talia
847 1756 957 1828 essent,
979 1757 1079 1809 tamen

60 1857 130 1900 cum
153 1837 224 1898 lobo
248 1837 420 1899 dicendum:
449 1837 592 1898 Dominus
617 1838 707 1919 dedit,
729 1837 872 1898 Dominus
896 1837 1029 1920 abstulit,
1054 1841 1080 1899 si

59 1928 139 1988 bona
162 1929 319 1988 innumera
342 1926 378 1987 ab
402 1927 453 1987 illo
473 1929 651 2008 accepimus,
673 1947 767 2007 pauca
786 1927 862 1988 mala
881 1928 1006 1989 suiierre
1026 1947 1080 1989 cur

60 2012 318 2078 detrectaremus?
342 2015 400 2077 Sed
423 2017 561 2078 desinent
584 2016 670 2077 nobis
690 2017 765 2077 mala
784 2017 935 2097 appellari,
958 2020 984 2078 si
1002 2020 1079 2078 vitae

59 2106 151 2166 buius
189 2106 378 2184 fugacitatem
415 2113 444 2166 et
480 2124 581 2166 rerum
622 2106 818 2166 humanarum
859 2107 1080 2167 vicissitudines

62 2196 192 2256 vanitate
223 2194 414 2274 undiquaque
446 2196 609 2274 permixtas
645 2195 802 2255 nobiscum
834 2197 1079 2273 reputaverimus.

60 2283 141 2356 Quin
172 2285 272 2363 potius
304 2285 345 2344 ita
378 2291 555 2344 statuemus:
587 2302 647 2343 1311
675 2282 815 2343 recedere
848 2290 898 2343 aut
926 2283 1080 2343 discedere

59 2373 148 2453 plane
176 2379 295 2433 nostros
322 2391 377 2452 per
403 2379 530 2432 mortem
558 2372 644 2432 nobis
677 2371 857 2451 subtractos,
891 2371 943 2431 sed
974 2371 1080 2432 saltem

61 2481 116 2522 nos
145 2461 334 2541 praecedere.
379 2461 433 2522 Est
460 2464 540 2522 enim
568 2461 805 2522 Christianorum
835 2461 979 2540 quaedam
1010 2479 1079 2542 pro·

61 2551 161 2631 133113,
186 2569 274 2629 quam
292 2558 419 2612 mortem
438 2569 590 2631 vocamus3
614 2553 740 2610 maxime
759 2558 823 2611 tum
843 2553 989 2632 oriuntur,
1013 2569 1081 2612 31111

60 2642 109 2720 pie
145 2642 327 2701 moriuntur:
360 2640 449 2701 funus
487 2641 574 2700 senus
605 2639 723 2700 babent.
769 2639 916 2701 Desinunt
947 2659 1081 2721 peccare,

61 2729 204 2789 desinunt
227 2730 339 2810 iactari,
362 2729 502 2790 desinunt
525 2730 629 2789 miseri
652 2747 726 2789 esse.
758 2729 802 2789 Ex
821 2730 927 2789 umbra
945 2732 1021 2788 vitae
1041 2727 1079 2787 ad

60 2836 162 2878 veram
186 2819 285 2899 vitam,
308 2836 324 2878 e
347 2817 481 2879 tenebris
501 2819 536 2878 ad
556 2818 662 2899 lucem,
686 2817 721 2878 ab
734 2818 911 2899 ¹hominibus
931 2816 966 2876 ad
987 2816 1079 2877 113111

60 2906 238 2969 concedunt.
284 2908 365 2978 Quae
393 2907 519 2968 felicitas
547 2925 616 2967 cum
648 2914 678 2967 et
709 2906 888 2967 lectissimae
917 2913 1080 2985 matronae,

59 2997 91 3057 Α.
111 2995 144 3056 V.
173 2998 292 3076 coniugi
320 2996 589 3057 desideratissimae
617 3015 713 3074 nuper
742 2997 913 3075 contigerit,
945 3012 1006 3053 non
1034 2995 1079 3053 in·

60 3085 190 3147 videnda
212 3087 271 3164 ipsi
293 3086 391 3146 133111.
423 3085 465 3146 113
489 3104 580 3146 31313
603 3085 868 3145 administrationis
889 3084 1077 3163 domesticae,

61 3175 142 3256 quod
159 3192 227 3254 per
257 3193 289 3235 se
319 3177 391 3235 satis
421 3193 509 3254 grave
537 3182 583 3235 est
613 3193 668 3235 nec
695 3172 814 3252 publico
842 3173 920 3232 bono
948 3180 1017 3232 nato
1048 3191 1081 3234 ac

60 3265 210 3326 destinato
234 3266 348 3343 imponi
371 3264 454 3343 solet,
476 3264 555 3324 Deus
578 3262 755 3343 providebit,
779 3264 831 3341 qui
855 3261 1041 3323 vulneratum
1065 3282 1081 3322 a

61 3373 94 3415 se
120 3372 235 3435 sanare,
259 3355 466 3414 contristatum
490 3353 663 3433 exhilarare,
686 3355 718 3412 11
742 3351 882 3432 abyssum
901 3354 988 3430 quasi
1006 3351 1081 3412 3313-

61 3446 200 3505 111131111
218 3443 377 3503 deductum
397 3442 553 3504 extrahere
568 3442 687 3504 11111131
700 3448 816 3524 potest,
827 3440 994 3502 dementer
1007 3439 1101 3496 33131.

58 3531 193 3592 Eundem
215 3534 357 3593 animitas
380 3553 509 3620 precor,
533 3535 613 3599 haec
638 3544 672 3600 31
696 3535 770 3619 aba,
791 3551 875 3615 quas
898 3528 1054 3589 3313111111
1070 3517 1127 3574 ab·

97 3639 171 3687 Epist
186 3650 247 3682 seeo.
262 3641 325 3684 xv1
337 3647 362 3685 et
379 3646 462 3692 XVII.
957 3631 978 3678 Ἶ
1020 3646 1023 3650 ’
