2370 3840
94 166 158 231 132
489 166 526 224 Η.
544 163 716 237 Thederingi

102 424 106 430 ,
248 344 292 415 91.
326 347 364 415 ll.
388 346 616 435 'lbederingus
638 345 707 415 llic.
729 345 965 438 Rittcrshusio.

93 451 261 508 Daniisci.
444 482 445 486 =
898 458 924 508 4.
943 451 1013 543 Maii
1031 457 1095 508 1633.

161 583 334 645 Clarissimo
350 590 381 644 et
394 583 622 647 Consultissimo
631 582 701 644 Viro
715 582 842 645 Domino
855 582 978 645 Nicolao
987 584 1095 645 Ritters·

95 674 182 735 buslo
201 672 279 755 icto,
302 673 427 733 llomino
451 680 481 733 et
504 674 599 733 amico
622 691 689 733 meo
713 679 746 734 ut
763 675 867 755 veteri,
890 675 933 734 ita
950 673 1095 754 plurimun

96 762 278 824 honorando.
325 761 509 840 Nurrnberg.

162 852 333 913 Clarissime
353 858 383 911 et
397 850 624 911 Consultissime
638 849 698 932 Vir,
717 850 842 911 llomine
861 858 892 912 ct
910 854 1005 913 amice
1018 851 1094 932 pluri·

94 959 177 1003 mum
198 939 387 1002 honorande!

163 1029 221 1091 Sal.
250 1037 280 1090 et
308 1027 425 1090 Officia!
470 1028 629 1089 Biennium
660 1035 707 1088 est
734 1035 764 1088 et
792 1028 871 1108 quod
899 1032 1042 1112 excurrit,
1068 1046 1095 1089 er

96 1138 154 1200 quo
187 1122 336 1198 resignata
370 1118 627 1179 administratione
659 1117 866 1196 llynastiarum
895 1118 1049 1198 Oderburg
1074 1123 1097 1177 et

95 1208 230 1289 Bythom.
254 1210 286 1268 in
310 1208 465 1285 superiore
489 1206 595 1267 Silesia
611 1209 651 1267 ·in
673 1208 800 1287 patriam
822 1207 914 1290 redii,
942 1227 1002 1288 quo
1023 1209 1096 1269 unius

95 1299 215 1376 nepotis
242 1303 272 1356 et
299 1297 389 1357 unius
417 1298 516 1375 neptis
543 1295 654 1357 tutelae
677 1295 840 1378 legitimae,
868 1315 959 1376 quam
981 1313 1096 1378 praema-

94 1393 182 1447 turus
205 1385 302 1446 abitus
327 1391 356 1444 et
374 1385 473 1446 obitus
493 1387 606 1445 sororis
623 1385 699 1446 mihi
716 1387 821 1446 unicae
841 1384 1095 1465 dilectissimaeque

96 1478 128 1536 in
147 1493 195 1536 me
214 1472 392 1556 devolveret,
410 1491 604 1553 mearumque
623 1474 713 1535 simul
731 1492 834 1536 rerum
852 1494 956 1536 curam
970 1491 1096 1556 gererem.

95 1564 137 1625 De
166 1565 208 1626 Te
242 1565 361 1644 saepius
394 1583 462 1624 cum
495 1563 630 1643 Spectab.
658 1563 712 1624 Du.
738 1558 929 1625 Rossorio⁵²²
960 1579 1096 1627 sermones

96 1654 203 1736 habiti3
231 1656 397 1733 parentatio
425 1661 476 1714 tua
505 1653 587 1713 affini
611 1655 707 1733 ipsius
729 1653 867 1732 Lugduni
890 1653 1040 1716 Gallorum
1059 1653 1096 1733 pie

95 1745 156 1803 rita
183 1744 284 1805 functo
315 1743 364 1804 liic
392 1743 533 1803 adornata
561 1735 626 1825 (cui
648 1745 738 1803 etiam
764 1761 780 1802 a
803 1760 851 1803 me
874 1762 980 1806 versus
1003 1743 1097 1822 aliquot

96 1831 239 1910 lugubres
266 1825 449 1915 impetrasti)
478 1830 515 1892 ab
543 1831 648 1891 eodem
675 1833 832 1913 requisita3
866 1833 918 1893 sed
946 1833 997 1894 ille
1023 1831 1096 1894 ullam

97 1921 187 1981 talem
210 1923 447 1999 parentationem
470 1939 486 1981 a
510 1937 543 1980 se
565 1922 659 1981 visam
682 1939 813 2001 unquam
836 1925 1018 2004 pernegarit,
1038 1920 1096 1982 adeo

96 2015 131 2070 ut
155 2008 197 2069 Te
225 2011 412 2088 propositum
439 2012 585 2089 migrasse
612 2009 659 2070 vel
686 2010 839 2071 distulisse
867 2013 1017 2073 coniicere
1042 2006 1094 2070 iude

98 2098 225 2159 licuerit.
271 2096 468 2178 Noribergam
491 2098 596 2159 reduci
618 2098 687 2159 Tibi
709 2101 809 2160 omnia
832 2117 868 2160 ex
891 2107 961 2161 voto
984 2101 1095 2174 fluxisse,

96 2187 215 2248 viduam
235 2206 344 2267 genere
364 2195 394 2248 et
412 2187 573 2249 virtutibus
587 2187 727 2270 nobilem,
744 2187 927 2269 amplissima
942 2189 1010 2251 dote
1023 2190 1094 2266 stipa·

96 2285 156 2339 tam
184 2279 216 2338 in
243 2280 466 2338 matrimonium
498 2296 514 2337 a
542 2277 584 2337 l'e
612 2271 786 2358 ductamm,
817 2277 987 2340 loachimus
1011 2282 1094 2339 noster

98 2356 277 2428 Oihafius⁶24
300 2385 400 2428 coram
424 2365 534 2429 retulit.
576 2366 671 2437 Quam
694 2367 842 2428 fortunam
865 2370 911 2428 uti
934 2368 1002 2429 l'ibi
1022 2368 1094 2428 benc-

96 2458 225 2515 merenti
251 2458 387 2536 impense
416 2454 562 2537 gratulor,
589 2458 632 2517 ita
657 2456 732 2516 mihi
758 2459 835 2517 votis
858 2457 989 2519 assiduis
1012 2451 1094 2541 (modo

96 2543 155 2602 sata
183 2539 376 2628 annuerentl)
406 2544 534 2606 similem
562 2545 706 2606 hactenus
733 2548 883 2627 exoptavi,
912 2549 965 2626 qui
988 2544 1095 2608 celibem

97 2630 194 2691 adhuc
213 2638 243 2691 et
260 2635 404 2711 privatam
423 2637 513 2695 vitam
532 2634 609 2714 apud
628 2652 711 2696 meos
731 2634 816 2696 duco.
854 2634 939 2718 Sunt,
961 2638 1014 2716 qui
1029 2635 1096 2696 hisce

95 2727 264 2802 temporum
280 2720 495 2784 calamitatibus
511 2731 541 2785 et
553 2725 640 2784 miris
653 2723 911 2785 vicissitudinibus
925 2743 943 2786 e
957 2744 991 2787 re
1001 2726 1096 2786 littera·

95 2819 194 2873 torum
226 2817 334 2892 putent
365 2811 482 2891 placitis
515 2813 662 2874 eiusmodi
694 2813 874 2875 abstinuisse
902 2821 954 2876 aut
981 2815 1098 2876 caruisse

95 2899 196 2982 bonis,
224 2903 275 2980 qui
303 2919 374 2962 num
404 2901 544 2962 audiendi
571 2903 645 2983 sint,
672 2919 764 2982 penes
793 2901 835 2963 l'e
862 2909 927 2964 esto
954 2905 1100 2980 iudicium

96 2988 170 3050 mihi
197 2993 297 3051 verius
325 2990 398 3051 illud
426 2991 543 3052 videtur
569 2991 689 3052 effatum
712 2993 879 3073 antiquum,
906 2992 1020 3056 nullius
1041 2990 1102 3053 boni

96 3080 161 3139 sine
185 3080 266 3140 socio
282 3086 342 3140 aut
365 3082 444 3141 socia
467 3080 626 3142 iucundam
651 3099 716 3142 esse
739 3082 961 3161 possessionem
985 3090 1017 3145 et
1038 3097 1104 3144 onus

96 3166 293 3249 quodcunque
326 3169 443 3230 facilius
476 3189 492 3230 a
525 3169 640 3230 duobus
674 3188 761 3250 quam
791 3188 851 3231 uno
878 3175 1002 3251 portari.
1054 3168 1106 3232 Sed

97 3255 228 3317 sinamus
251 3257 301 3318 hic
324 3258 487 3337 quemlibet
511 3276 564 3319 suo
588 3277 680 3321 seusu
698 3259 856 3321 abundare.
894 3259 999 3323 Sortes
1018 3261 1107 3323 homi·

95 3358 168 3402 num
199 3346 231 3404 in
263 3364 354 3407 manu
381 3348 435 3408 Dei
465 3366 530 3409 esse
559 3347 646 3409 nobis
674 3349 852 3410 Christianis
880 3357 1011 3434 constat3
1042 3352 1110 3413 huic

92 3431 277 3496 conlidentes
300 3452 361 3497 non
386 3437 618 3518 confundentur,
638 3437 758 3499 cilicet
773 3456 835 3498 non
853 3457 973 3519 semper
992 3441 1111 3504 exaudi-

72 3528 170 3585 antur
196 3525 239 3589 ad
269 3525 478 3613 voluntatem,
512 3528 562 3592 ad·
581 3527 714 3590 salutem
735 3533 843 3584 tamen
860 3527 1003 3601 'ipsorum
1024 3534 1122 3588 omma
