2370 3840
128 159 173 223 '10
563 158 583 215 l.
603 157 717 212 eruceri

125 312 314 372 mutavimus.
360 307 461 368 Restat
484 309 588 388 igitur,
610 309 778 369 uti-omnia
802 306 946 387 obsequia
968 327 1036 370 mea
1058 310 1141 370 vobis

125 400 277 480 pollicear,
301 415 438 476 oggeram
461 403 668 476 praestemque
690 397 728 457 ob
746 405 808 457 tam
826 404 996 477 promptam
1015 405 1142 459 vestram

124 491 296 549 comitatem
319 493 406 566 atque
429 486 636 566 prothymiam,
660 504 734 565 quae
754 486 892 547 omnibus
911 486 979 547 aliis
999 488 1141 566 neglectis

125 581 167 639 ita
189 578 264 638 mihi
286 578 407 656 vacavit,
430 583 463 636 ut
481 577 530 635 vix
548 581 650 654 posset
668 575 759 636 irater
778 582 829 636 aut
846 579 971 654 propior
991 584 1140 656 cognatus.

123 667 246 728 Obitum
265 672 364 726 autem
382 664 437 725 filii
455 658 553 746 tui³³4,
572 666 614 723 mi
632 663 822 745 Rittershusi,
840 667 887 725 uti
903 683 959 743 par
977 673 1035 747 est,
1058 666 1140 728 doleo

123 757 249 836 fuitque,
273 773 327 815 cur
350 762 548 833 temperarem
570 752 714 814 laetitiam
737 752 939 834 convivialem,
962 773 1141 835 quamquam

123 853 156 906 et
179 845 258 906 aliud
282 845 371 904 etiam
394 846 423 903 ei
446 845 581 923 accessit,
603 842 725 902 morbus
749 861 856 922 nempe
874 841 1052 923 Hieronymi
1070 845 1140 906 Zum

125 934 226 1015 Lamb,
241 932 377 993 avunculi
392 950 526 1012 sponsae,
541 933 592 1010 qui
611 950 679 991 cum
693 931 751 992 huo
770 931 897 993 adducta
915 950 1020 993 secum
1035 953 1140 1014 sponsa

126 1042 192 1084 mea
216 1023 392 1103 advenisset,
416 1028 498 1081 extra
522 1019 618 1080 cubile
638 1021 744 1099 pedem
763 1039 851 1082 suum
870 1039 931 1081 non
948 1026 1061 1100 posuit
1095 1023 1139 1084 Sic

125 1115 217 1191 igitur
240 1111 316 1172 nihil
338 1113 369 1171 in
396 1110 443 1170 his
470 1110 607 1170 humanis
636 1112 799 1192 sincerum,
827 1129 924 1190 neque
953 1109 1067 1191 alioqui
1094 1131 1140 1173 ex·

125 1201 254 1260 orbitare
279 1200 359 1260 soleo
378 1201 436 1258 iam
454 1205 594 1278 expertus
617 1217 672 1278 per
689 1197 743 1259 XX
761 1218 854 1260 annos
873 1201 1004 1260 frontem
1023 1204 1141 1282 variam,

125 1292 257 1348 animum
280 1290 425 1460 variorpm
449 1290 538 1347 sortis
562 1291 758 1370 novercantis,
781 1307 849 1349 curn
867 1291 996 1350 maxime
1016 1298 1141 1351 matrem

125 1377 263 1457 praefert.
288 1425 294 1437 .
311 1425 317 1437 .
333 1376 366 1436 .*

169 1483 447 1564 Heidelbergae,
471 1483 518 1543 die
544 1480 594 1545 16.
613 1483 683 1544 Maii
704 1479 798 1546 1601.

355 1591 459 1651 Vester
482 1592 563 1649 omni
587 1592 651 1649 iure
675 1596 755 1650 totus
777 1588 883 1650 lanus
908 1589 1096 1653 Gruterus

192 1736 224 1797 Si
243 1735 311 1797 Dus.
326 1725 556 1814 Clapmarius³³⁵
575 1750 621 1792 me
640 1732 735 1792 adhuc
754 1749 842 1791 nosse
860 1740 960 1810 potest
978 1741 1032 1793 aut
1050 1737 1142 1814 cupit,

122 1826 287 1884 officiosam
310 1827 338 1884 ei
362 1841 416 1901 ego
441 1821 574 1882 salutem.

328 2045 379 2114 bl.
411 2046 437 2114 l.
462 2047 621 2115 Gruterus
645 2048 676 2115 G.
699 2047 931 2115 Rittorshusio.

124 2169 385 2240 Heidelbergae.
903 2175 947 2227 22.
966 2171 1040 2242 Aug.
1061 2178 1139 2229 1601.

192 2267 219 2327 S.
239 2266 269 2327 P.
301 2266 418 2328 Prolixe
442 2268 502 2327 tuis
524 2266 722 2328 rescriberem
744 2265 856 2347 libens,
882 2268 925 2326 mi
948 2267 1140 2350 Rittersbusi,

124 2364 154 2418 at
176 2360 223 2416 vix
252 2358 365 2418 isthaec
392 2374 514 2435 possum
537 2374 608 2434 prae
636 2357 860 2435 importunitate
888 2374 1061 2440 operarum,
1091 2363 1141 2440 qui

127 2448 279 2524 quaternis
302 2446 405 2525 probis
428 2464 475 2505 me
495 2444 626 2524 quotidie
649 2451 764 2505 vexant.
795 2443 957 2505 lamenim
979 2445 1059 2508 bona
1083 2449 1138 2509 fide

123 2540 252 2613 pergunt
274 2537 306 2593 in
328 2533 589 2614 inscriptionibus,
616 2533 694 2594 band
722 2535 763 2594 ita
786 2540 899 2614 tamen,
928 2542 962 2595 ut
985 2535 1139 2598 absolvant

122 2630 191 2684 ante
215 2622 375 2703 nundinas3
408 2630 437 2683 et
461 2625 594 2702 quamvis
617 2622 757 2683 deessent
779 2621 823 2682 illi
846 2622 871 2682 X
895 2630 945 2684 aut
964 2620 1137 2704 amplius³³⁶

123 2713 252 2791 indices,
285 2729 359 2788 quos
388 2715 545 2772 concinnat
577 2719 679 2772 noster
706 2710 851 2792 Scaliger,
883 2713 1006 2773 iuterim
1040 2723 1137 2776 tamen

123 2800 269 2882 prostabit
301 2800 346 2860 his
378 2801 520 2861 nundinis
551 2803 704 2880 proximis.
750 2800 848 2872 Quare
881 2803 907 2861 si
934 2801 1001 2862 fieri
1032 2811 1138 2883 potest,

121 2909 224 2952 aveam
243 2892 320 2950 intra
340 2887 451 2967 aliquot
469 2889 667 2951 hebdomadas
685 2890 794 2951 babere
814 2897 898 2951 tuum
913 2896 943 2952 et
957 2890 1138 2973 collegarum

122 2980 349 3060 Epigrammata.
395 2977 460 3038 Fiet
488 2978 517 3037 id
546 2979 699 3040 commode
727 2998 781 3058 per
804 2979 968 3041 Frehorum
992 2990 1138 3064 nostrum,

122 3072 174 3149 qui
198 3068 391 3148 Noribergae,
418 3070 458 3127 ita
482 3075 593 3148 tamen,
620 3075 654 3128 ut
676 3070 736 3130 nisi
758 3087 827 3130 mox
851 3071 1016 3153 rediturus,
1041 3076 1137 3135 mittat

123 3176 176 3236 per
198 3157 368 3218 tabellarios
390 3155 579 3237 principales,
603 3160 654 3236 qui
678 3160 896 3236 septimanatim
915 3159 1062 3239 Amherga
1081 3163 1137 3223 huc

124 3248 275 3306 ventitant.
312 3245 453 3305 Errorem
476 3263 576 3305 meum
599 3245 741 3307 l‘hotiana
765 3240 973 3307 consolatio³³⁷
996 3252 1137 3328 excussit,

123 3340 153 3393 et
176 3332 260 3393 doleo
289 3351 359 3393 sane
387 3337 498 3412 optimo
527 3337 604 3415 seni,
633 3338 726 3396 amico
755 3353 820 3396 meo
849 3353 908 3395 non
936 3334 1065 3417 vulgari,
1098 3340 1137 3398 ita

190 3457 204 3462 -.
215 3455 337 3462 ...φ-.-

181 3521 206 3592 s)
221 3520 352 3594 Reliqua
371 3525 405 3580 ut
425 3523 506 3582 levio
524 3523 687 3583 omisimus.
