2370 3840
516 133 654 252 epibtolae
1047 182 1090 248 47

72 332 188 412 Belgio,
213 350 271 411 quo
295 331 369 392 abiit
391 339 459 392 ante
483 332 547 392 dies
565 331 624 392 XV.
661 331 806 393 Praelatio
825 331 955 394 Danielis
976 332 1091 413 aliaque

71 423 222 501 carmina,
255 435 329 499 quae
361 439 442 482 nunc
473 423 665 501 transmittis,
697 423 792 500 priori
822 440 939 501 quoqne
969 422 1091 484 aderant

70 503 232 590 libello²²⁰;
251 509 329 570 haud
351 516 451 570 tanmn
469 511 559 570 etiam
578 504 731 571 encusa²21
750 517 836 590 puto:
858 518 940 592 puto,
959 513 1090 594 inquam,

70 602 143 679 quia
171 598 275 658 lolium
302 597 417 659 nullum
446 601 609 660 etiamnum
632 598 705 680 vidi,
734 602 819 678 quasi
843 618 883 660 sc.
908 600 975 660 data
998 619 1088 679 opera

69 689 102 750 id
127 707 175 748 me
199 686 310 748 celaret
328 687 542 749 Commelinus:
566 687 678 767 absque
698 707 732 748 eo
753 696 832 749 esset
850 687 1010 770 exemplar,
1032 689 1088 750 tibi

69 796 209 838 curarem
242 779 285 838 sic
317 776 387 838 licet
418 777 635 857 imperfectum.
681 776 722 837 De
754 777 866 839 Seneca
899 777 984 839 doleo
1017 797 1087 840 sane

69 870 169 945 neque
193 868 267 926 ratio
292 873 347 947 est,
370 873 404 927 ut
425 866 544 947 habeas,
567 868 627 927 nisi
646 866 757 927 diserte
776 866 866 928 alicui
884 867 937 928 des
955 870 987 928 in
1005 885 1088 928 man-

68 956 138 1016 dato
156 957 302 1035 proximis
320 955 474 1036 nundinio,
491 958 536 1017 uti
550 975 567 1015 a
581 954 763 1016 Commelino
779 958 885 1035 exigat.
918 956 992 1018 Cum
1007 959 1087 1017 enim

67 1044 147 1105 liber
170 1044 310 1122 grandior
329 1046 377 1125 sit,
400 1046 544 1106 iniustum
563 1045 614 1106 fiat
632 1063 708 1105 onus
726 1044 890 1125 tabellario,
914 1064 1011 1125 neque
1030 1065 1087 1126 ego

67 1132 238 1212 exploratos
266 1133 360 1194 habeo
388 1137 532 1214 temporis
560 1135 714 1215 articulos,
742 1141 775 1196 ut
803 1153 872 1195 eum
894 1135 991 1196 tradat
1013 1139 1085 1195 noto

67 1222 157 1284 alicui
180 1222 270 1283 isthic
291 1223 369 1283 forte
393 1225 486 1284 eunti.
522 1222 559 1284 Et
582 1223 639 1284 hoc
661 1231 695 1285 tu
718 1224 809 1285 iacies
833 1227 904 1303 scio,
927 1226 1018 1284 immo
1041 1226 1086 1285 uti

65 1313 167 1392 iacias,
187 1313 307 1372 omnino
326 1320 404 1390 peto.
437 1312 565 1373 Nemea
584 1320 630 1374 est
648 1312 828 1392 negligentia
847 1312 1032 1394 commelini,
1050 1322 1084 1374 ut

65 1400 143 1461 nihil
171 1408 256 1462 curet
282 1402 342 1461 nisi
366 1419 427 1462 sua.
472 1400 515 1462 lle
538 1402 659 1463 tuis‘ael
682 1400 735 1463 lul.
758 1397 928 1463 Ρ1111111111222
952 1421 1084 1464 commu-

64 1492 177 1550 nicavit
194 1488 317 1568 largiter
335 1509 453 1551 mecum
472 1492 599 1551 amiciss.
637 1489 706 1550 Due.
723 1490 881 1567 Freherus
918 1490 981 1570 Ego
1000 1491 1082 1552 hisce

63 1582 97 1640 in
125 1581 276 1640 aerumnis
303 1578 378 1640 nihil
400 1582 485 1659 potui
507 1581 567 1640 nisi
591 1580 771 1658 epigramma
794 1579 865 1660 hoc,
889 1581 967 1660 quod
991 1579 1083 1660 videS,

64 1687 242 1747 expressum
265 1668 339 1729 mihi
362 1688 398 1729 ea
420 1668 501 1749 hora,
526 1687 583 1747 qua
606 1667 878 1747 tuas'accipiebam
901 1687 925 1739 a
943 1667 1084 1735 Frehero..

62 1758 119 1818 Est
141 1764 239 1818 antem
262 1756 335 1818 tale:
891 1763 893 1768 '

154 1882 237 1944 Sicut
258 1881 311 1942 ubi
335 1882 461 1943 exclusit
483 1880 597 1961 pullum
620 1881 699 1942 lovis
722 1883 865 1962 armiger,
889 1888 919 1941 et
942 1883 1001 1942 iam

196 1970 243 2031 llli
265 1970 366 2051 pluma
389 1988 504 2034 recens
517 1971 637 2034 umbrat
658 1973 820 2050 utrumque
833 1969 929 2052 latus,
954 1978 1008 2031 etc.

59 2114 161 2195 Vides,
185 2131 273 2192 quam
296 2100 414 2195 frivola,
438 2113 491 2173 sed
514 2113 631 2193 pondus
655 2116 695 2174 sit
718 2116 762 2174 eis
786 2115 863 2195 ideo,
886 2114 964 2193 quod
984 2114 1080 2193 prima

60 2206 136 2283 sint,
160 2221 235 2281 quae
257 2202 316 2264 lusi
339 2203 375 2263 ab
400 2201 484 2263 obitu
507 2204 679 2264 carissimae
702 2221 801 2284 meae,
824 2222 899 2282 quae
923 2203 997 2263 adeo
1021 2202 1078 2263 alte

57 2299 165 2372 pectus
184 2290 261 2352 ¹illud
284 2292 393 2372 divisit,
416 2300 451 2353 ut
473 2294 554 2352 omni
577 2291 742 2352 abstineam
766 2293 935 2370 scriptione.
980 2291 1077 2360 Quare

58 2380 219 2442 excusabis
236 2399 284 2441 me
308 2388 433 2460 cognato
451 2399 518 2442 meo
538 2380 574 2441 ab
593 2380 704 2465 Hagen,
729 2380 807 2459 quod
826 2398 886 2439 non
906 2378 1078 2461 rescribam,

56 2473 109 2531 vix
128 2469 159 2530 id
178 2470 311 2531 facturus
324 2470 540 2551 Wesembecio,
559 2471 619 2530 nisi
632 2472 691 2530 iam
707 2468 793 2529 binas
807 2468 948 2549 viderem,
968 2467 1077 2548 quibus

56 2557 135 2620 nihil
166 2561 296 2638 reposui.
343 2559 389 2622 Tu
420 2561 542 2622 interim
571 2558 649 2639 vale,
680 2560 723 2619 mi
751 2558 792 2620 Cl.
819 2557 1015 2640 Rittershusi,
1048 2565 1078 2619 et

58 2647 172 2710 salveat
195 2650 313 2726 cupitus
336 2649 396 2730 ille,
418 2667 479 2709 nou
502 2655 615 2709 amator
639 2647 671 2708 h.
696 2646 831 2709 Gentilis.

102 2753 380 2836 Heidelbergae,
408 2754 455 2815 die
479 2753 523 2815 IV.
547 2754 616 2815 Iulii
640 2754 757 2835 eadem,
782 2773 838 2833 qua
861 2761 928 2814 tuas
951 2755 1079 2833 recipie·

53 2844 134 2925 bam,
160 2839 254 2905 1594.

634 2933 716 2994 Tuus
739 2940 820 2993 totus
845 2929 1031 2991 Gruterus.

262 3211 317 3284 37.
348 3212 375 3282 Ι.
399 3211 559 3281 Gruterus
582 3212 613 3280 0.
637 3211 870 3279 Rittershusio.

52 3333 321 3406 Heidelbergae.
837 3340 880 3391 17.
900 3331 976 3404 Sept.
998 3339 1075 3391 1594.

124 3449 199 3511 Cum
237 3451 301 3510 sine
336 3451 397 3510 tuis
430 3450 466 3510 ad
499 3467 547 3510 me
579 3450 700 3512 venerit
728 3455 831 3511 nester
862 3447 921 3508 ihc
949 3445 1103 3532 sensns,

51 3556 280 3616 aequumsane
305 3547 383 3622 erat,
413 3548 447 3603 ut
470 3549 504 3606 et
527 3543 617 3625 ipsus
644 3544 716 3606 sine
738 3542 825 3604 meis
843 3541 931 3599 item
951 3531 997 3588 ah
1013 3534 1054 3581 ts
1074 3521 1124 3574 nx-
