2370 3840
329 131 333 141 '
421 157 451 213 r.
471 155 580 212 ueram
599 157 736 228 epirotae
1041 161 1086 227 25

67 307 281 368 obstrinxerat.
318 306 484 368 loaohimus
508 306 584 367 bene
602 305 680 368 valet
699 314 729 367 et
747 307 988 386 frequentissime
1008 329 1088 372 nunc

68 397 107 458 ad
130 414 179 456 me
209 395 326 476 scribit,
355 399 407 476 qui
435 403 592 478 quantum,
620 396 699 476 quod
727 414 774 456 me
802 400 954 479 amiserat,
982 399 1089 481 doleat,

67 485 202 546 malote
226 503 262 544 cx
286 487 381 564 ipsius
405 504 494 565 quam
518 505 553 546 ex
578 488 653 547 meis
677 485 773 546 literis
796 504 985 565 cognoscere.
1027 488 1090 568 Ego

69 583 162 655 certe,
181 576 207 634 si
226 576 330 655 rivam,
348 574 484 635 utillum
502 575 561 635 huc
580 576 735 656 attraham,
753 575 867 636 nullum
886 594 945 637 non
964 578 1089 638 movebo

67 657 241 744 lapidem⁹⁶.
288 663 362 742 Spes
385 663 462 725 bona
487 671 532 724 est
555 665 627 745 lore,
655 672 691 725 ut
713 665 762 725 hic
785 683 846 725 non
869 668 990 725 omnino
1013 667 1089 727 male

68 754 249 834 habitemuS,
269 753 358 814 modo
377 753 516 814 dominus
535 753 651 814 dederit
668 753 715 814 vel
735 753 872 835 aliquam,
890 774 958 816 narn
972 754 1090 834 plenam

71 862 110 903 ne
135 851 238 922 optare
262 842 381 920 quidem
404 861 564 922 possumus
587 843 657 904 huic
681 845 802 924 civitati,
825 838 1053 906 concordiam⁹⁷.

140 930 264 1011 Reliqua
289 933 366 993 sicut
389 931 459 1013 dixi,
483 939 611 1011 exponet
633 931 689 993 tibi
707 931 916 1015 VeltlrirchiuS,
939 952 1007 994 nam
1030 952 1090 994 non

69 1020 195 1082 vacabat
217 1038 296 1081 nunc
319 1020 455 1099 pluribus
479 1029 578 1081 tecum
602 1039 697 1100 agere.
744 1021 805 1082 Hac
828 1040 909 1104 rogo,
932 1030 965 1084 ut
989 1022 1088 1103 explo-

70 1119 171 1171 ratum
190 1112 320 1170 animum
336 1112 428 1171 istum
446 1117 531 1172 tuum
550 1129 619 1190 erga
638 1128 686 1170 me
705 1128 872 1172 conserves.
904 1112 966 1172 Hoc
986 1115 1043 1172 erit
1061 1119 1092 1173 et

70 1200 148 1260 mibi
170 1199 367 1260 honorificum
390 1207 420 1260 et
438 1199 502 1281 tibi,
524 1208 558 1260 nt
577 1218 674 1281 spero,
697 1218 756 1260 non
774 1201 957 1262 indecorum.
990 1200 1090 1262 Saluta

72 1281 212 1372 (tuos)*)
236 1295 266 1348 et
289 1291 451 1362 maximum
474 1291 572 1349 virum
590 1288 622 1349 b.
641 1288 814 1371 Lutherum,
838 1293 886 1351 cui
911 1290 995 1351 brevi
1018 1292 1091 1352 scri·

71 1377 155 1458 bam3
179 1379 264 1438 cuius
286 1378 431 1438 honorem
455 1396 518 1460 ego,
542 1385 685 1458 quantum
707 1381 738 1439 in
757 1397 805 1439 me
824 1386 878 1461 est,
902 1382 990 1440 etiam
1013 1382 1093 1440 inter

72 1467 128 1526 hos
160 1460 306 1550 (furores)
334 1467 441 1528 tuebor
469 1487 502 1529 ac
530 1462 726 1529 delendam⁹⁸.
777 1467 818 1528 De
846 1487 904 1547 qua
932 1488 965 1529 re
992 1476 1092 1530 tamen

73 1556 146 1636 quid
179 1559 284 1617 attinet
314 1556 455 1638 scribere,
479 1550 650 1639 <oum>**)
680 1557 715 1617 ad
745 1565 775 1617 te
795 1555 945 1619 scribam?
991 1558 1090 1618 Saluta

73 1647 263 1707 carissimum
295 1645 328 1706 D.
360 1645 474 1706 lustum
507 1645 607 1706 Ionam
641 1638 700 1729 (et)
734 1640 968 1727 Theodorum⁹⁹,
1005 1649 1091 1707 cirins

73 1737 201 1814 patriam
225 1737 296 1796 satis
320 1737 382 1795 scio
405 1737 471 1814 ipso
495 1734 579 1795 valde
603 1736 695 1795 invito
720 1727 782 1817 (me
805 1728 988 1818 reliquisse).
1020 1734 1090 1794 Vale

74 1828 106 1885 in
130 1823 262 1906 Christo,
291 1825 444 1885 carissime
467 1827 510 1885 mi
532 1822 667 1903 Philippo
690 1825 823 1903 mihique
847 1871 854 1884 .
874 1818 961 1907 .***)
981 1830 1015 1884 tu
1038 1823 1090 1884 ali-

74 1914 193 1993 qnando
218 1912 324 1974 scribe.

120 2019 359 2102 Erphurdiae,
382 2019 483 2099 vigilia
501 2022 678 2081 visitationis
697 2020 806 2081 Mariae
820 2019 1002 2082 MDXXXHI.

597 2127 692 2189 Tuus
715 2128 881 2189 Eobanus
904 2128 1047 2189 Hessos

259 2369 310 2440 23.
343 2373 379 2442 Ρ.
401 2371 551 2441 Melissus
574 2372 609 2439 Η.
632 2372 911 2458 Baumgartnero.

75 2493 110 2563 (E
131 2491 270 2564 Gallia).
715 2493 803 2564 (Intra
822 2510 846 2550 a.
867 2495 1093 2565 1584et1590).

240 2589 269 2650 S.
288 2589 320 2650 b.
344 2590 424 2651 Hier.
444 2590 676 2670 Baumgartnero
696 2583 933 2670 Septemviro¹⁰⁰.

145 2679 203 2738 Ter
217 2695 348 2740 'mecum
375 2680 447 2740 fecit
474 2679 529 2741 sub
557 2680 647 2740 finem
674 2678 742 2740 Iulii
764 2679 944 2740 Fortunatus
968 2679 1095 2740 Crellius

77 2760 296 2849 Carinthus¹⁰¹,
325 2787 380 2848 per
407 2769 519 2849 aliquot
545 2768 691 2829 milliaria.
736 2768 765 2830 Is
793 2787 859 2830 sese
887 2775 982 2829 totum
1010 2771 1095 2847 quasi

77 2859 257 2936 mancipavit
279 2858 444 2939 Aristoteli3
477 2857 588 2919 Graece
613 2860 692 2918 enim
721 2866 750 2918 et
772 2858 876 2918 Latine
904 2857 1095 2919 doctissimus

77 2955 132 3008 est.
171 2945 265 3007 Offert
289 2947 420 3008 studium
443 2955 474 3009 et
496 2966 617 3028 operam
636 2965 729 3029 suam,
753 2949 779 3006 si
802 2966 860 3027 qua
882 2945 926 3006 illi
948 2945 1095 3024 professio

77 3039 110 3097 in
143 3035 293 3097 academia
322 3044 419 3098 restra
446 3039 619 3117 contingere
647 3039 750 3115 possit.
795 3035 876 3096 Uxor
909 3037 937 3094 ei
966 3041 1095 3095 tantum-

78 3125 166 3186 modo
191 3132 246 3206 est,
269 3125 343 3186 nulli
367 3125 462 3187 liberi.
508 3125 608 3187 Multis
632 3124 739 3186 abhinc
763 3126 849 3185 annis
872 3123 946 3184 mihi
970 3141 1037 3184 cum
1061 3143 1095 3184 eo

78 3214 238 3275 intercedit
256 3217 369 3276 notitia.
400 3215 476 3276 Eum
495 3215 560 3297 tibi,
582 3215 813 3293 Baumgartnere
832 3215 1097 3296 praestantissime,

151 3386 178 3456 ³¹¹)
198 3386 243 3440 Sic
262 3385 358 3456 codex,
377 3389 410 3442 ut
428 3385 517 3441 etiam
533 3385 616 3442 infra.

133 3457 175 3524 ¹³³⁸)
192 3456 254 3513 Hoc
272 3474 323 3512 nos
343 3457 519 3513 inseruimus.

115 3529 171 3598 m)
190 3529 303 3584 Lacuna
320 3527 350 3584 r'n
370 3529 431 3587 cod.
