2370 3840
136 157 181 222 46
564 158 585 214 Ι.
606 157 719 214 Gruteri

138 309 186 386 egi
210 325 278 367 cum
297 306 493 389 Commelin03
517 308 569 368 sed
593 309 619 367 is
646 315 777 390 cuperet,
801 308 827 367 si
845 305 985 389 haberes,
1007 307 1154 388 exemplar

136 398 318 476 impressum
341 391 524 457 Danielism.
570 396 679 456 Verum
707 399 772 476 ipse
796 397 897 457 forsan
922 395 960 456 de
983 397 1043 458 hac
1065 397 1151 459 read

136 491 175 546 te.
220 485 455 565 Etymologicum
478 504 538 545 non
562 485 642 545 videt
664 484 762 546 lucem
785 484 926 566 actalia,
952 503 1032 564 quae
1055 486 1150 547 adrer-

136 574 225 635 tenda
252 575 374 636 Iustino.
420 574 462 635 De
491 576 584 635 saeris
612 572 748 635 versibus
776 581 894 652 gratum
918 574 985 634 luit.
1032 575 1150 655 Reliqua

135 662 314 743 exemplaria
345 666 499 725 transmisi
530 666 611 724 iuxta
639 665 875 742 inscriptionem.
920 661 954 723 D.
984 663 1149 744 Scipionem

134 752 214 813 nuda
237 755 309 814 item
332 771 508 815 remuneror
532 751 635 833 salute,
659 751 738 831 quod
761 751 808 812 vel
830 751 887 812 hoc
909 759 1050 831 tempore
1072 755 1149 814 satis:

135 841 207 901 adeo
231 861 286 920 ego
309 861 370 903 non
393 860 459 904 sum
481 860 581 922 meus,
604 839 725 902 orbatus
748 841 808 903 heu
830 847 899 901 ante
922 841 990 901 dies
1015 841 1083 903 Xlll
1104 842 1148 903 de·

133 928 202 990 licio
219 949 286 992 meo
301 939 331 992 et
345 934 458 992 animae
473 938 556 1010 parte
571 932 696 1011 puriori,
710 932 865 991 carissima
878 932 1005 1009 inquam
1020 933 1147 1011 coniuge,

134 1037 209 1098 quae
233 1027 266 1080 ut
289 1023 376 1081 enixa
398 1020 472 1080 mihi
494 1027 559 1080 erat
581 1018 716 1100 filiolam,
743 1037 852 1099 paucas
875 1026 945 1098 post
966 1019 1060 1081 horas
1085 1019 1147 1081 dein

110 1119 111 1123 ’
131 1110 212 1186 piam
239 1108 333 1190 illam,
360 1117 485 1190 castam,
511 1109 704 1190 prudentem,
727 1111 914 1188 ingeniosam
937 1110 1071 1170 animam
1093 1108 1146 1169 Deo

134 1214 187 1256 suo
216 1197 354 1258 reddidit.
399 1198 465 1259 Heu
488 1216 604 1278 casum,
631 1197 691 1259 heu
714 1196 820 1259 latuml
847 1204 882 1258 tu
903 1198 1003 1258 amieo
1027 1196 1146 1260 condole

134 1287 227 1345 amice
252 1293 281 1347 et
304 1288 336 1346 in
359 1293 474 1366 partem
497 1305 556 1347 una
579 1287 664 1347 trahe
688 1290 813 1368 amicos,
841 1304 917 1366 quos
940 1287 1034 1348 isthic
1056 1287 1145 1348 habeo

133 1373 210 1452 apud
234 1393 295 1435 vos.
340 1373 408 1435 Vale
433 1394 500 1435 eum
523 1383 584 1457 tua,
607 1378 649 1436 mi
671 1375 862 1437 Rittershusi.

176 1478 250 1541 Dedi
275 1475 581 1566 (Heidelbergae),
605 1480 656 1544 23.
679 1482 778 1543 Martii
803 1478 899 1544 1594.

706 1589 788 1649 Tuus
810 1595 892 1649 totus
916 1587 1106 1651 Gruterus.

332 1850 383 1919 36.
415 1851 441 1920 I.
465 1850 627 1920 Gruterus
650 1852 686 1920 d.
705 1850 941 1919 Rittershusio.

126 1969 391 2042 Heidelbergae.
936 1981 961 2029 4.
980 1973 1049 2029 Iulii
1069 1981 1144 2029 1594.

195 2084 223 2145 S.
247 2085 277 2146 P.
324 2086 385 2148 Nec
418 2107 472 2166 ego
500 2106 600 2148 meum
628 2106 685 2147 nec
711 2096 797 2149 tuum
824 2085 971 2150 refricabo
1001 2086 1142 2167 dolorem,

126 2175 168 2233 mi
187 2173 377 2258 Rittershusi,
401 2179 531 2256 satisque
555 2183 610 2257 est,
635 2178 661 2237 si
684 2169 1142 2255 fractis·auribus²1⁸⁸praeter·

124 2265 296 2343 navigemus
315 2263 374 2327 non
394 2266 514 2344 quidem
531 2266 661 2346 Sirenas,
680 2266 733 2326 sed
746 2266 864 2326 Mortas.
893 2264 1026 2325 'Interim
1042 2271 1142 2326 tamen

125 2352 161 2413 de
190 2355 344 2434 synpathia
371 2362 422 2416 tua
448 2353 551 2435 plures
578 2354 673 2415 habeo
700 2357 810 2434 gratias
834 2361 864 2414 et
887 2352 1051 2431 expectabo
1076 2373 1141 2415 mou

122 2439 268 2521 Elegiam,
297 2463 370 2521 quae
399 2463 446 2505 me
475 2443 641 2524 alloquatur
666 2462 837 2505 moerorum
860 2442 950 2504 undis
972 2442 1048 2504 adeo
1074 2443 1141 2505 sub-

122 2547 270 2610 mersum,
303 2539 336 2592 nt
368 2552 419 2594 ore
453 2541 555 2613 aperto
585 2535 704 2611 nigrum
731 2532 884 2593 haurirem
910 2531 1051 2612 fluctum,
1084 2534 1142 2594 nisi

123 2614 343 2703 irrequietes*)
362 2621 514 2683 llusarum
532 2621 649 2683 labores
669 2621 760 2682 veluti
779 2621 887 2682 subere
906 2619 1038 2700 quodam
1052 2620 1141 2682 altius

121 2726 168 2768 me
184 2768 186 2774 A
202 2708 344 2771 efferrent
376 2710 633 2790 sublevarentque.
683 2711 761 2790 Ergo
795 2709 874 2791 quod
909 2708 946 2769 ad
976 2708 1141 2780 Querolum

120 2800 234 2880 attinet,
257 2800 316 2859 iam
336 2801 362 2859 is
381 2819 509 2862 excusus
528 2808 574 2862 est
593 2800 714 2881 dudum,
737 2808 770 2861 ut
789 2807 820 2860 et
838 2798 913 2859 alter
930 2791 1065 2879 liher²¹⁹‚
1090 2800 1139 2879 qui

119 2886 281 2959 Querulum
309 2890 437 2951 eundem
465 2892 614 2970 expressit
637 2888 773 2950 versibus
798 2887 945 2966 elegiacis.
991 2885 1035 2948 lle
1059 2890 1140 2948 notis

119 2979 179 3038 tuis
203 2986 234 3039 ct
252 2977 383 3040 Danielis
406 2979 481 3040 nihil
500 2981 561 3059 egit
579 2977 791 3059 Commelinus,
815 2979 883 3056 quia
903 2978 960 3036 etsi
978 2975 1139 3056 aliquoties

118 3075 203 3127 tuum
227 3066 416 3148 Danielisque
445 3068 595 3129 addideris
619 3086 726 3128 nomen
732 3077 742 3148 ‚⁴
769 3074 868 3127 tamen
891 3064 985 3126 multo
1005 3069 1140 3127 maxima

117 3172 187 3233 pars
216 3156 391 3235 capitalibus
419 3156 478 3218 illis
506 3165 588 3218 caret
615 3156 738 3237 litteris,
768 3155 957 3233 arbitrorque
985 3172 1042 3233 ego
1072 3174 1139 3217 esse

117 3248 181 3322 tna3
206 3244 284 3322 quod
309 3248 335 3306 si
358 3249 423 3327 ipse
447 3245 574 3327 epistula
597 3253 649 3307 tua
671 3244 757 3306 nobis
780 3245 956 3324 firmaveris
978 3242 1058 3304 bene
1081 3246 1139 3306 erit

119 3328 252 3409 calcique
276 3337 374 3394 omnia
397 3334 447 3395 illa
470 3343 598 3415 apponet
621 3341 775 3397 cunctator
799 3333 848 3394 ille
872 3339 975 3394 noster
998 3332 1097 3403 redux
1123 3353 1139 3394 e

120 3453 213 3460 ——.-.-
216 3454 275 3461 ----

174 3518 285 3590 ⁴')Ood.
307 3522 423 3595 irreges.
515 3522 518 3527 ’
