2370 3840
131 199 176 266 30
478 203 508 262 P.
527 201 792 274 Melissisep'istolue

132 369 246 433 meum,
277 354 357 412 nosti
383 359 524 414 mentem.
570 353 667 414 Tuum
695 371 749 433 ego
777 354 882 415 itidem
909 357 1047 417 animum
1079 360 1151 440 novi,

132 443 202 501 novi
219 449 359 503 mentem.
395 441 520 521 Utrique
540 441 758 521 adstipulantur
775 441 893 505 litteiae
912 451 982 506 tuae
1001 444 1149 508 humanis-

132 531 238 612 simae,
266 549 341 610 quae
364 549 412 591 me
436 533 468 592 in
496 533 562 610 ipso
585 531 690 592 morbo
713 534 824 593 mirum
851 535 884 593 in
907 533 1033 595 modum
1057 535 1149 597 suble·

131 627 245 680 varunt.
290 619 443 681 Recordor
478 622 537 680 iam
570 622 679 680 somnii
709 623 783 702 mei,
816 621 896 701 quod
928 621 966 682 de
998 630 1031 684 te
1065 624 1148 686 habui

130 709 280 788 Augustae
308 703 587 791 Vindelicorum¹²⁰,
614 728 691 771 anno
719 709 900 792 MDLXXX.,
933 719 1097 792 antequam
1121 721 1147 774 te

131 817 261 877 unquam
298 798 449 859 vidissem.
501 798 590 859 Visus
627 816 660 859 es
696 817 744 860 me
781 818 907 879 peregre
944 800 1147 864 advenientem

131 905 246 948 summa
274 906 343 949 cum
369 887 551 949 humanitate
583 886 735 970 amplecti,
765 887 938 949 dulcissimo
972 891 1146 971 compellare

130 976 259 1056 alloquio
291 976 464 1055 vultumque
497 995 566 1037 eum
598 976 770 1059 ostendere,
803 979 854 1056 qui
881 996 1038 1057 nunquam
1071 979 1146 1042 fallit

130 1065 272 1126 Accidere
295 1073 398 1145 postea
426 1065 476 1126 illa
500 1067 598 1126 omnia
626 1072 655 1127 et
678 1065 771 1126 multo
794 1065 999 1147 pluraquam
1028 1087 1145 1130 narrare

131 1172 251 1235 queam,
288 1154 324 1214 de
362 1153 471 1233 quibus
508 1154 666 1234 ahquando
702 1157 910 1216 testimonium
941 1156 1146 1237 perhibebunt

130 1243 231 1302 Musae
263 1237 436 1303 nostrae¹²¹.
496 1244 665 1305 hdornatur
696 1246 777 1305 enim
814 1244 980 1305 secundum
1012 1246 1146 1309 volumen

130 1331 302 1392 Poematum
325 1327 514 1393 meorum¹²².
560 1332 707 1414 Primum,
730 1335 762 1393 in
786 1351 845 1412 quo
868 1340 931 1394 tres
953 1341 1059 1413 partes
1082 1354 1146 1398 con-

130 1423 272 1502 tinentur,
291 1439 434 1481 excusum
454 1427 499 1483 est
517 1420 661 1503 Lutetiae,
684 1440 761 1482 anno
782 1421 893 1483 Christi
911 1417 1145 1485 MDLXXXV¹²³.

129 1510 253 1571 Interim
285 1510 322 1571 de
354 1510 560 1572 benevolentia
592 1514 623 1571 in
655 1529 703 1572 me
735 1518 786 1573 tua
818 1513 942 1590 gratiam
969 1511 1028 1574 tibi
1057 1513 1145 1575 habeo

128 1599 303 1679 habeboque
328 1596 455 1680 semper.
501 1601 546 1662 Tu
571 1603 639 1680 quia
669 1602 728 1660 iam
751 1601 892 1680 princeps
920 1618 953 1661 es
976 1604 1008 1662 in
1033 1601 1144 1684 republ.

127 1697 226 1751 vestra
257 1692 390 1750 omnium
422 1690 637 1771 laudatissima,
669 1707 730 1750 non
762 1688 879 1772 dubito,
911 1691 985 1769 quin
1016 1697 1049 1753 te
1082 1709 1144 1753 eum

128 1782 224 1839 virum
244 1786 387 1858 praestes,
407 1781 459 1858 qui
476 1797 537 1839 non
551 1786 667 1839 tantum
680 1780 754 1839 viris
768 1778 856 1839 bonis
870 1778 1025 1861 amandus,
1043 1798 1144 1842 verum

128 1870 217 1928 etiam
251 1870 293 1926 sis
325 1866 410 1927 malis
443 1867 655 1928 iormIdandus.
701 1866 747 1928 'Os
776 1869 926 1947 compesci
957 1867 1067 1930 vellem
1098 1871 1144 1930 isti

127 1954 286 2035 maledico,
315 1973 403 2033 quem
426 1974 474 2016 me
498 1957 597 2017 dicere
626 1958 730 2017 sentio.
776 1955 850 2017 Mira
872 1956 931 2017 huc
952 1958 1145 2036 perferuntur

128 2043 165 2104 de
188 2043 269 2104 illius
292 2044 408 2104 fervore
432 2063 486 2105 seu
508 2048 608 2124 pollus
637 2039 791 2106 furorem.
837 2044 875 2105 Et
900 2052 934 2106 tu
962 2048 1059 2108 istaec
1081 2066 1144 2127 per·

128 2129 212 2194 fers?
243 2131 281 2193 Et
303 2141 337 2194 tu
360 2136 453 2195 istaec
475 2130 608 2195 toleras?
630 2134 668 2196 Et
690 2141 724 2195 tu
747 2136 840 2195 istaec
862 2131 997 2213 pateris?
1045 2136 1143 2197 Statue

127 2223 248 2284 tandem
267 2223 444 2305 exemplum,
468 2224 547 2304 quod
566 2225 680 2303 posteri
699 2223 891 2284 admirentur.
929 2222 1055 2302 Ignosce
1074 2225 1144 2286 mihi

127 2331 252 2394 quaeso,
276 2315 369 2374 amice
392 2332 507 2395 magne,
531 2307 633 2393 aper'te
656 2320 755 2373 tecum
778 2311 920 2391 loquenti.
957 2311 1144 2375 Christianus

127 2402 271 2463 Saxoniae
295 2404 435 2483 princeps
459 2403 570 2465 elector
597 2400 781 2462 blateronem
806 2400 1015 2462 Selneccerum
1043 2401 1144 2483 Lipsia

127 2493 225 2567 exegit
233 2484 271 2522 ¹²⁵
294 2491 426 2570 aliosque
450 2491 626 2552 locutuleios
646 2497 675 2550 ct
694 2489 846 2569 linguaces
864 2492 896 2550 in
910 2489 1000 2552 verba
1018 2493 1143 2553 nimium

126 2585 282 2657 provectos
302 2597 318 2638 e
338 2579 449 2640 ditione
470 2583 564 2661 eiicit,
586 2598 638 2639 vos
662 2579 742 2640 idem
765 2579 863 2640 iacere
886 2597 946 2639 uon
968 2598 1025 2659 par
1045 2576 1144 2642 esset?

125 2667 232 2728 Vetare
252 2666 365 2748 saltem,
387 2687 425 2728 ne
445 2671 649 2749 criminentur,
674 2670 700 2728 si
718 2671 792 2728 istos
812 2670 852 2728 ita
872 2669 979 2728 sinitis.
1012 2668 1141 2731 Nimiam

125 2759 299 2836 patientiam
322 2764 450 2818 vestram
475 2765 543 2818 sunt
568 2761 619 2837 qui
641 2760 787 2818 incusent.
833 2756 943 2818 Verum
965 2759 1143 2837 progredior

125 2845 251 2925 longius.
283 2845 367 2907 Haud
391 2846 501 2907 frustra
524 2847 606 2928 facis,
631 2845 774 2925 quidquid
798 2846 879 2906 lacis.
915 2844 982 2906 Erit
999 2849 1143 2928 proiecto,

125 2943 158 2996 nt
176 2937 316 2996 iniuriam
339 2936 485 3018 vindices3
508 2937 564 2997 hoc
584 2943 665 2996 certo
685 2937 755 2995 scio.
791 2934 913 2996 Interim
932 2941 1055 3015 tempus
1074 2936 1142 3017 abit,

125 3033 155 3085 et
178 3027 229 3085 isti
252 3029 420 3105 arrogantia
438 3024 629 3086 insolescrmt.
663 3023 742 3084 Bene
761 3023 824 3084 vale
845 3030 875 3084 et
893 3041 940 3083 me
957 3041 1052 3102 porro
1071 3044 1143 3087 ama.

128 3106 556 3234 Wfl(eidelberg)ae
580 3149 628 3209 die
651 3147 753 3209 XXIX.
777 3148 855 3209 Iunii
879 3166 956 3209 anno
974 3147 1093 3217 MDXG.

489 3293 545 3354 Tui
568 3291 850 3352 observantissimus
874 3290 1100 3372 Cleonymus.
