2370 3840
511 153 650 223 epistolae
1043 157 1087 223 55

68 305 186 366 salvere
210 303 307 385 iubeo,
331 322 458 383 quorum
480 305 601 366 Plautus
626 305 721 367 adhuc
745 307 822 386 apud
845 326 893 368 me
913 309 1008 390 deses,
1032 329 1087 372 nec

68 413 192 474 excuso,
215 412 282 454 oum
305 412 353 454 me
377 412 474 474 nuper
497 397 663 455 excusarim
687 403 717 456 et
734 395 897 475 placuerim
921 400 950 458 in
971 417 1006 459 eo
1025 399 1086 460 filio

68 483 252 565 Camerario,
275 485 327 562 qui
349 502 430 544 nunc
454 483 566 563 Spirae.
613 484 670 544 Sed
694 486 753 544 iam
777 503 871 566 cesso,
895 486 967 547 adeo
991 486 1087 551 lassus

68 572 254 653 scribendis,
286 572 359 633 adeo
385 572 523 651 turgidus
551 573 729 655 cogitandis,
761 581 795 634 ut
821 593 876 635 nec
904 593 1009 637 manus
1032 596 1088 639 nec

68 669 162 741 caput
185 661 262 741 apud
291 680 323 721 se
346 663 414 722 sint.
462 660 558 732 Quare
587 681 696 723 excusa
723 663 905 745 barbariem,
934 665 1088 727 solennem

68 754 161 812 etiam
186 750 222 811 ad
246 759 285 831 te,
308 758 338 810 at
359 770 440 812 nuno
462 752 548 830 plane
572 758 655 812 extra
679 752 814 813 ordinem
837 752 1001 815 barbaram.

116 856 288 939 Heidelb,
311 857 360 918 die
384 854 435 919 10.
455 857 638 944 Septembris
658 852 784 943 (1596).

278 1135 330 1206 43.
360 1137 386 1205 Ι.
411 1138 570 1206 Gruterus
594 1139 625 1208 d.
648 1139 883 1209 Rittersbusio.

70 1279 340 1349 Heidelbergee.
850 1289 893 1339 28.
913 1285 989 1354 Sept.
1010 1291 1089 1341 1596.

141 1378 170 1438 S.
185 1376 216 1438 P.
240 1377 405 1457 Adolphum
420 1385 504 1437 tunm
518 1370 699 1436 Βοοῑίιιιηῖ61
714 1377 843 1440 libenter
856 1382 916 1441 vidi
932 1384 1088 1462 omniaque

70 1470 101 1528 ei
126 1474 157 1526 et
179 1467 276 1526 ollioia
299 1485 365 1526 mea
389 1473 419 1527 et
442 1465 539 1527 studia
562 1466 642 1544 large
666 1466 759 1527 detuli
778 1487 834 1529 neo
854 1463 1012 1549 quicquam
1032 1474 1090 1531 erit

71 1555 149 1617 mihi
172 1557 294 1636 gratius,
318 1573 405 1633 quam
431 1557 457 1615 si
475 1574 549 1637 eam,
573 1574 631 1634 qua
649 1562 748 1615 tecum
768 1576 840 1617 usus
860 1565 914 1638 est,
938 1559 1089 1619 familiari-

70 1653 165 1706 tatem
183 1663 301 1706 meoum
320 1642 516 1705 constituerit.
538 1645 661 1705 Interim
680 1652 778 1705 tamen
797 1665 832 1705 ex
854 1665 911 1724 quo
931 1655 996 1707 tuas
1016 1648 1090 1708 mihi

72 1733 194 1814 detulit,
221 1733 320 1794 nullus
347 1752 416 1793 eum
442 1733 510 1793 vidi.
556 1733 732 1814 Exemplum
755 1733 967 1795 Verisimilium
991 1735 1089 1816 lepide

72 1843 120 1885 me
146 1823 245 1884 affecit
268 1830 298 1883 et
322 1830 391 1883 sunt
414 1821 506 1883 multa
529 1825 560 1883 in
584 1840 629 1904 eo,
653 1823 689 1884 ob
714 1842 789 1902 quae
813 1842 916 1885 omnes
941 1825 1089 1904 Sohoppio

72 1912 201 1974 multum
225 1911 394 1993 debeamus,
416 1915 593 1991 praesertim
618 1913 696 1991 quod
720 1913 783 1974 loea
806 1913 898 1974 multa
922 1914 1091 1995 Symmachi

72 2002 179 2063 mutila
202 2008 232 2062 et
254 2019 357 2061 manea
380 2003 506 2061 resarcit
529 2008 559 2062 et
581 2004 709 2081 integrat
732 2002 898 2083 Aesculapii
926 2023 986 2065 non
1010 2003 1090 2066 lalla-

72 2094 117 2153 cis
143 2108 208 2171 ope,
230 2090 380 2150 MStorum
400 2089 522 2151 sedicet.
555 2090 615 2151 Sed
638 2100 668 2152 et
687 2110 741 2170 ego
760 2093 951 2171 peculiariter
974 2096 1089 2154 ineius

72 2199 145 2242 aere
176 2179 214 2239 ob
246 2181 336 2240 unius
367 2178 438 2238 libri
474 2173 760 2263 inscriptionem262,
798 2200 856 2260 qua
887 2201 935 2243 me
969 2186 994 2242 si
1031 2201 1091 2243 non

71 2271 247 2350 aeternavit,
270 2267 468 2329 immortalem
489 2276 589 2329 tamen
613 2269 737 2330 reddere
760 2269 860 2330 voluit.
907 2271 943 2331 lt
966 2289 1001 2331 eo
1025 2274 1104 2349 ipso'

71 2367 135 2419 tam
152 2376 200 2418 me
211 2358 305 2418 fateor
314 2358 449 2418 vadatum
465 2360 567 2439 gratia,
582 2377 636 2418 ceu
647 2365 763 2437 sperata
773 2360 831 2417 iam
846 2358 934 2418 modo
948 2360 1090 2439 perfecis-

71 2455 128 2510 set.
153 2446 225 2507 Voto
240 2449 329 2528 euim,
343 2454 377 2507 ut
391 2443 544 2527 ali<cu>bi
558 2447 690 2526 loquitur
703 2449 871 2527 praelectus
886 2446 935 2508 ille
951 2442 1090 2530 orbum,

71 2539 215 2618 faventis,
241 2555 302 2597 uon
329 2539 412 2597 exitu
438 2538 484 2597 rei
512 2535 684 2615 obligamur.
730 2537 831 2615 ltaque
863 2539 888 2597 si
913 2538 1029 2617 quaudo
1054 2538 1091 2598 ad

71 2645 145 2689 eum
165 2626 316 2687 scribendi
338 2628 464 2706 occasio,
487 2624 575 2685 velim
594 2628 652 2705 ipsi
671 2626 813 2704 plurimas
837 2646 854 2687 a
872 2646 920 2687 me
944 2646 1092 2688 memores

71 2718 185 2796 gratias
204 2718 394 2794 animumque
412 2714 589 2776 benevolum
608 2722 638 2776 et
657 2716 799 2794 quioquid
817 2724 971 2795 praeterea
986 2717 1021 2776 ab
1037 2717 1092 2777 hac

71 2825 143 2867 mea
157 2807 300 2866 tenuitate
318 2805 469 2885 proficisci
487 2811 595 2883 potest.
632 2804 741 2866 Litoris
755 2805 956 2885 peculiaribus
972 2805 1007 2864 ad
1023 2823 1093 2865 eum

73 2913 157 2956 nuno
175 2896 282 2975 issem,
305 2895 365 2954 uisi
390 2894 560 2953 festinasset
578 2894 653 2955 lator
672 2894 791 2973 harum,
815 2897 864 2954 cui
883 2911 991 2953 nomeu
1012 2891 1092 2953 Elias

73 2977 365 3064 Thaluenzelius2ffl,
383 2985 499 3043 invenis
519 2982 654 3043 eiusdem
672 2991 768 3064 notae,
788 3002 845 3062 qua
864 2981 1092 3042 commendabas

57 3072 152 3133 mihi
174 3071 311 3132 Boetium
334 3079 426 3132 tuum.
472 3071 587 3132 Rouum
610 3075 710 3151 itaque
729 3072 848 3152 lactum,
871 3073 916 3131 uti
939 3072 1038 3148 ipsum
1060 3072 1092 3130 in

72 3164 143 3222 eius
167 3161 240 3221 adeo
263 3161 361 3222 locum
385 3160 557 3222 substituas,
602 3160 668 3220 Non
697 3159 776 3220 lallet
804 3169 855 3220 aut
884 3159 972 3219 fidem
997 3178 1093 3220 meam

74 3257 129 3312 ant
151 3257 232 3310 tuam
256 3253 515 3330 exspectationem.
562 3249 619 3309 Sed
644 3256 674 3310 et
697 3249 824 3309 eundem
846 3256 880 3310 ut
903 3249 1093 3310 commendes

74 3338 203 3418 reliquis
239 3339 327 3400 isthic
358 3338 579 3419 professoribus
617 3345 647 3399 et
680 3340 828 3418 imprimis
861 3337 933 3399 lino.
962 3339 1093 3399 Wesem-

74 3429 164 3490 becio
192 3435 223 3490 et
246 3428 368 3510 Gentili,
399 3427 556 3489 admodum
586 3434 615 3488 te
646 3445 728 3509 rogo.
777 3428 910 3490 Carmen
933 3447 1045 3487 meum
1063 3429 1109 3481 ‘m

74 3516 258 3577 Guntlrernnr
282 3526 365 3579 certo
388 3517 516 3583 babebis
540 3519 640 3607 breul,
665 3522 727 3585 etsi
748 3519 821 3584 aliis
836 3517 950 3582 multis
968 3512 1137 3571 mmm
