2370 3840
109 189 172 253 122
502 188 537 246 n
555 187 727 258 rotomagi
833 251 839 262 ,

254 366 304 436 85.
336 368 375 436 H.
397 368 626 455 [lhederingus
649 369 718 439 llic.
740 369 977 440 Rittershusio.

60 538 62 543 y
106 473 274 531 Daniiooi.
880 480 923 532 15.
942 475 1018 530 Febr.
1035 474 1089 528 luit.

171 607 194 666 Α
222 606 376 666 llonsieur
408 611 437 663 et
469 604 607 665 meilleur
639 624 706 684 amp
732 605 825 666 Mons
855 600 1092 668 Rittershusius'a

105 694 336 757 Hermansdorll
355 693 426 753 chez
449 693 542 754 Mons.
566 694 594 755 le
617 693 716 754 Baron
739 693 954 775 d’Eulenburg.

172 785 201 846 S.
215 784 245 845 P.
273 783 334 844 lam
349 782 499 843 abstinere
514 782 611 844 literis
627 786 848 865 constitueram,
862 781 1094 846 Praestantissius

105 881 136 934 et
153 874 330 935 Doctissime
350 871 402 932 Dn.
422 871 553 953 Nicolae,
577 891 652 952 quae
671 871 900 952 Regiomontum
919 873 958 934 ad
977 874 1016 935 Te
1033 874 1096 945 ueni,

106 962 345 1042 quandoquidem
377 963 501 1039 vestigia
533 961 651 1022 illarum
679 980 726 1022 me
754 960 921 1044 terrebant,
955 966 1048 1024 omnia
1069 955 1096 1019 lt

104 1071 223 1113 versum
247 1052 419 1131 spectantia,
442 1049 522 1110 nulla
541 1057 717 1132 retrorsum,
741 1057 770 1111 et
789 1069 858 1111 ecce
879 1050 935 1112 suh
955 1055 1097 1133 ingressum

104 1141 194 1202 huius
218 1142 330 1201 mensis
354 1138 474 1199 tandem
497 1147 564 1200 tuas
587 1139 688 1200 videre
712 1141 847 1220 contigit,
871 1139 982 1219 quibus
1004 1150 1098 1203 causam

104 1231 300 1290 diuturnioris
316 1227 427 1288 silentii
442 1229 549 1309 adiero,
565 1248 637 1308 quas
652 1247 792 1290 accusare
808 1247 863 1307 ego
874 1229 977 1291 nolim.
999 1230 1097 1291 Miratus

104 1326 204 1379 tamen
228 1336 294 1378 sum
314 1320 440 1398 saepius,
465 1337 539 1396 quae
559 1317 600 1378 Te
620 1316 712 1378 libido
733 1317 872 1378 invadere
892 1318 1097 1398 potueritWar·

105 1409 214 1486 saviam
243 1406 334 1468 eundi
362 1413 497 1485 temporo
527 1410 658 1468 omnium
682 1405 939 1487 periculosissimo
964 1417 994 1470 et
1015 1419 1096 1489 parm

104 1504 280 1578 opportuno,
291 1502 431 1557 autumno
442 1498 564 1575 inquam
574 1498 738 1576 superiore,
747 1502 831 1575 peste
840 1498 1097 1577 passimgrassane,

104 1606 179 1667 quae
203 1589 261 1648 iter
284 1586 364 1646 istud
387 1603 447 1646 non
470 1588 568 1664 potuit
590 1603 650 1646 non
674 1585 799 1646 reddere
819 1584 942 1647 difficile
962 1594 992 1648 et
1009 1587 1095 1647 laneu-

103 1676 203 1737 tabile.
250 1676 308 1736 Sed
336 1675 413 1735 bene
441 1681 487 1735 est
509 1675 551 1734 Te
580 1677 727 1754 superatis
755 1673 841 1734 malis
870 1682 902 1735 et
924 1671 1096 1737 incommodis

104 1768 191 1826 istius
219 1766 470 1844 peregrinationis
498 1763 534 1823 ad
562 1770 682 1844 portum
708 1765 817 1842 quietis
840 1763 969 1826 alicuius
992 1772 1021 1826 et
1040 1760 1095 1824 vale·

104 1854 217 1915 tudinis
238 1853 371 1914 melioris
390 1852 525 1913 rediisse.
562 1853 679 1913 Annuat
696 1852 821 1931 reliquis
840 1855 916 1914 votis
935 1855 997 1915 tuis
1013 1853 1096 1914 leion

103 1943 197 2023 DeuS,
235 1960 294 2021 quo
328 1941 462 2001 doctrina
495 1961 528 2003 ac
560 1945 655 2002 virtus
687 1948 738 2002 tua
770 1943 911 2020 praemiis
945 1938 1096 2021 eon-dignis

103 2031 187 2091 brevi
206 2031 451 2111 condemnentur,
470 2031 505 2091 ad
521 2030 574 2092 Sui
588 2029 727 2091 Numinis
742 2029 874 2110 gloriam,
893 2032 939 2091 rei
959 2030 1095 2094 litterariae

103 2140 138 2181 ac
178 2119 314 2200 publicae
353 2127 560 2180 ornamentum
597 2127 702 2199 atque·
723 2121 942 2181 incrementum
979 2128 1095 2198 tuamque

103 2212 199 2290 ipsius
220 2216 388 2289 exoptatam
407 2206 548 2270 saluteml'
583 2209 663 2280 Quas
682 2208 718 2268 ad
737 2207 874 2287 Ampliss.
894 2209 926 2269 D.
947 2209 1064 2272 Remum
1076 2208 1096 2264 tl

103 2299 382 2371 uinulentum
410 2305 527 2358 curatas
554 2297 688 2380 voluisti,
715 2299 774 2358 iam
802 2304 870 2357 ante
898 2297 955 2359 hos
984 2295 1032 2361 14.
1051 2296 1096 2357 dies

102 2389 297 2468 Norihergam
321 2386 461 2466 ablegari.
502 2386 665 2466 impetrent
688 2386 727 2468 id,
751 2385 829 2466 quod
852 2389 982 2471 quaeris,
1004 2379 1097 2468 quoad

103 2477 184 2537 Tuos
213 2481 296 2538 ocius
324 2476 503 2536 contendere
533 2483 563 2536 et
590 2476 675 2554 fratri
702 2483 753 2536 tuo
782 2475 813 2535 D.
838 2474 967 2555 Georgio
994 2476 1098 2557 palmam

103 2565 225 2625 honoris
249 2564 417 2644 ambiguam
438 2567 470 2625 iu
490 2564 580 2625 simili
599 2564 678 2625 lauta
697 2564 849 2626 functione
868 2565 995 2628 reddere
1013 2564 1098 2647 possis

102 2653 208 2714 Audivi
236 2661 334 2714 tamen
363 2673 398 2714 ex
422 2654 570 2735 Vestrate,
599 2656 652 2733 qui
680 2654 715 2714 ad
744 2653 893 2715 nundinas
920 2651 1098 2717 Dominicales

102 2751 219 2804 nostras
249 2745 402 2822 superiore
431 2762 469 2804 m.
489 2743 620 2822 Augusto
648 2751 828 2824 accesserat,
856 2742 1032 2807 exhaustum
1053 2743 1098 2802 lere

101 2852 168 2895 esse
187 2834 398 2912 patrimonium
418 2839 512 2912 tuum,
531 2831 750 2911 dispiciendum
764 2831 833 2892 Tibi
847 2848 914 2892 esse
928 2842 960 2894 et
974 2828 1100 2896 ineundas

101 2925 242 3003 rationeS,
261 2922 339 2982 rmde
358 2924 448 2981 vitam
466 2920 583 2981 toleres
620 2920 655 2981 ln
669 2918 809 2982 Borussia
823 2926 926 2981 nostra
942 2926 969 2984 si
985 2923 1101 3003 Spartam

101 3015 235 3073 nancisci
255 3029 357 3091 queas,
382 3011 411 3070 id
431 3028 492 3070 non
510 3009 730 3088 negligendum.
767 3009 825 3070 Sed
844 3015 951 3089 nugari
970 3013 1102 3073 hominen

101 3102 349 3180 persuasissimus
370 3100 422 3180 lui,
441 3106 544 3178 utpote
564 3105 673 3179 certus,
695 3100 737 3160 Te
756 3117 811 3178 per
830 3097 963 3182 Galliam,
987 3099 1103 3181 Angliam

102 3195 132 3247 et
151 3189 286 3268 Belgium
309 3208 378 3249 cum
399 3189 471 3249 Nob.
492 3188 545 3248 Du.
564 3187 710 3248 Wernero
730 3187 866 3249 Sohenck
885 3189 944 3250 iter
963 3191 1103 3252 iacientcu

101 3294 161 3337 non
193 3278 280 3338 modo
312 3277 388 3338 nihil
420 3279 456 3338 de
485 3284 536 3337 tuo
566 3277 763 3357 impendisse,
796 3277 847 3337 sed
877 3285 907 3338 et
934 3279 1104 3342 luculentum

102 3363 242 3425 salarium
270 3366 381 3444 aliquot
410 3384 555 3427 annorum
585 3369 781 3445 comparsisse
810 3373 898 3445 atquc
927 3375 1028 3431 tecum
1052 3366 1104 3428 ahs·

82 3461 237 3538 portasse,
264 3454 346 3536 quod
365 3457 427 3517 iam
446 3456 525 3518 torte
543 3456 579 3516 in
593 3453 740 3515 Borussia
753 3472 861 3532 magna
876 3463 963 3533 parte
982 3453 1105 3535 absump-

72 3552 141 3605 tum
163 3553 212 3608 est
230 3546 321 3610 lu'sce
344 3550 428 3612 caris
448 3555 487 3613 et.
502 3567 520 3609 a
537 3543 648 3608 multis
665 3543 798 3604 multum
811 3544 1117 3621 senatustempor'mus
