<?xml version="1.0" encoding="UTF-8"?>
<!DOCTYPE html PUBLIC "-//W3C//DTD XHTML 1.0 Transitional//EN"
    "http://www.w3.org/TR/xhtml1/DTD/xhtml1-transitional.dtd">
<html xmlns="http://www.w3.org/1999/xhtml" xml:lang="en" lang="en">
 <head>
  <title>
</title>
<meta http-equiv="Content-Type" content="text/html;charset=utf-8" />
  <meta name='ocr-system' content='tesseract 3.04.00' />
  <meta name='ocr-capabilities' content='ocr_page ocr_carea ocr_par ocr_line ocrx_word'/>
</head>
<body>
  <div class='ocr_page' id='page_1' title='image "./virorumclarorum00meligoog_0136.png"; bbox 0 0 2370 3840; ppageno 0'>
   <div class='ocr_carea' id='block_1_1' title="bbox 514 192 1093 264">
    <p class='ocr_par' dir='ltr' id='par_1_1' title="bbox 514 192 1093 264">
     <span class='ocr_line' id='line_1_1' title="bbox 514 192 1093 264; baseline -0.002 -15"><span class='ocrx_word' id='word_1_1' title='bbox 514 192 651 264; x_wconf 83' lang='lat' dir='ltr'>epistolae</span> <span class='ocrx_word' id='word_1_2' title='bbox 961 230 963 235; x_wconf 85' lang='lat'>·</span> <span class='ocrx_word' id='word_1_3' title='bbox 1031 195 1093 260; x_wconf 87' lang='lat'>119</span> 
     </span>
    </p>
   </div>
   <div class='ocr_carea' id='block_1_2' title="bbox 63 342 1132 1404">
    <p class='ocr_par' dir='ltr' id='par_1_2' title="bbox 63 342 1132 1404">
     <span class='ocr_line' id='line_1_2' title="bbox 69 342 1132 426; baseline 0.004 -22"><span class='ocrx_word' id='word_1_4' title='bbox 69 347 196 424; x_wconf 84' lang='lat' dir='ltr'>siastae,</span> <span class='ocrx_word' id='word_1_5' title='bbox 220 342 302 404; x_wconf 89' lang='lat' dir='ltr'>audit</span> <span class='ocrx_word' id='word_1_6' title='bbox 289 349 370 404; x_wconf 89' lang='lat' dir='ltr'>tores</span> <span class='ocrx_word' id='word_1_7' title='bbox 394 362 464 404; x_wconf 81' lang='lat' dir='ltr'>uero</span> <span class='ocrx_word' id='word_1_8' title='bbox 486 351 688 422; x_wconf 84' lang='lat' dir='ltr'>emunguntur</span> <span class='ocrx_word' id='word_1_9' title='bbox 707 343 985 422; x_wconf 84' lang='lat' dir='ltr'>capitatrombuse</span> <span class='ocrx_word' id='word_1_10' title='bbox 1003 348 1094 408; x_wconf 87' lang='lat' dir='ltr'>vecti·</span> <span class='ocrx_word' id='word_1_11' title='bbox 1130 422 1132 426; x_wconf 11' lang='grc' dir='ltr'><em>Α</em></span> 
     </span>
     <span class='ocr_line' id='line_1_3' title="bbox 70 431 1094 513; baseline 0.004 -21"><span class='ocrx_word' id='word_1_12' title='bbox 70 431 192 512; x_wconf 86' lang='lat' dir='ltr'>galibus</span> <span class='ocrx_word' id='word_1_13' title='bbox 212 432 434 493; x_wconf 82' lang='lat' dir='ltr'>exhauriuntur.</span> <span class='ocrx_word' id='word_1_14' title='bbox 472 431 577 492; x_wconf 77' lang='lat' dir='ltr'><strong>Tillius</strong></span> <span class='ocrx_word' id='word_1_15' title='bbox 591 431 736 513; x_wconf 83' lang='lat' dir='ltr'>Hassiam,</span> <span class='ocrx_word' id='word_1_16' title='bbox 754 432 938 494; x_wconf 90' lang='lat' dir='ltr'>Veteraviam</span> <span class='ocrx_word' id='word_1_17' title='bbox 954 442 983 494; x_wconf 92' lang='lat' dir='ltr'>et</span> <span class='ocrx_word' id='word_1_18' title='bbox 997 437 1094 496; x_wconf 90' lang='lat' dir='ltr'>vicina</span> 
     </span>
     <span class='ocr_line' id='line_1_4' title="bbox 71 521 1093 602; baseline 0.003 -20"><span class='ocrx_word' id='word_1_19' title='bbox 71 522 142 582; x_wconf 90' lang='lat' dir='ltr'>loca</span> <span class='ocrx_word' id='word_1_20' title='bbox 165 524 272 582; x_wconf 88' lang='lat' dir='ltr'>evertit</span> <span class='ocrx_word' id='word_1_21' title='bbox 294 522 437 602; x_wconf 77' lang='lat' dir='ltr'>funditus,</span> <span class='ocrx_word' id='word_1_22' title='bbox 460 521 531 582; x_wconf 93' lang='lat' dir='ltr'>dum</span> <span class='ocrx_word' id='word_1_23' title='bbox 554 521 642 581; x_wconf 91' lang='lat' dir='ltr'>militi</span> <span class='ocrx_word' id='word_1_24' title='bbox 619 523 726 581; x_wconf 92' lang='lat' dir='ltr'>teius</span> <span class='ocrx_word' id='word_1_25' title='bbox 746 524 844 582; x_wconf 88' lang='lat' dir='ltr'>omnia</span> <span class='ocrx_word' id='word_1_26' title='bbox 863 521 962 582; x_wconf 89' lang='lat' dir='ltr'>licent.</span> <span class='ocrx_word' id='word_1_27' title='bbox 1003 522 1093 585; x_wconf 90' lang='lat' dir='ltr'>Bassa</span> 
     </span>
     <span class='ocr_line' id='line_1_5' title="bbox 71 608 1093 696; baseline 0.003 -26"><span class='ocrx_word' id='word_1_28' title='bbox 71 610 224 671; x_wconf 88' lang='lat' dir='ltr'>Budeusis</span> <span class='ocrx_word' id='word_1_29' title='bbox 238 629 306 671; x_wconf 90' lang='lat' dir='ltr'>cum</span> <span class='ocrx_word' id='word_1_30' title='bbox 322 608 341 671; x_wconf 85' lang='lat'><strong>3</strong></span> <span class='ocrx_word' id='word_1_31' title='bbox 359 610 426 671; x_wconf 89' lang='lat' dir='ltr'>aliis</span> <span class='ocrx_word' id='word_1_32' title='bbox 439 609 562 671; x_wconf 83' lang='lat' dir='ltr'>Bessis</span> <span class='ocrx_word' id='word_1_33' title='bbox 554 613 783 696; x_wconf 80' lang='lat' dir='ltr'>impressionem</span> <span class='ocrx_word' id='word_1_34' title='bbox 797 611 918 672; x_wconf 84' lang='lat' dir='ltr'>iecere</span> <span class='ocrx_word' id='word_1_35' title='bbox 909 629 941 671; x_wconf 91' lang='lat' dir='ltr'>1n</span> <span class='ocrx_word' id='word_1_36' title='bbox 956 611 989 671; x_wconf 91' lang='lat' dir='ltr'>St</span> <span class='ocrx_word' id='word_1_37' title='bbox 977 615 1093 694; x_wconf 79' lang='lat' dir='ltr'>tyriam,</span> 
     </span>
     <span class='ocr_line' id='line_1_6' title="bbox 72 690 1093 781; baseline 0.001 -21"><span class='ocrx_word' id='word_1_38' title='bbox 72 707 237 760; x_wconf 79' lang='lat' dir='ltr'><strong>exurentes</strong></span> <span class='ocrx_word' id='word_1_39' title='bbox 265 707 431 761; x_wconf 88' lang='lat' dir='ltr'>evastautes</span> <span class='ocrx_word' id='word_1_40' title='bbox 459 701 540 760; x_wconf 90' lang='lat' dir='ltr'>vicos</span> <span class='ocrx_word' id='word_1_41' title='bbox 568 690 674 778; x_wconf 88' lang='lat' dir='ltr'>oppida</span> <span class='ocrx_word' id='word_1_42' title='bbox 704 718 796 760; x_wconf 90' lang='lat' dir='ltr'>arces.</span> <span class='ocrx_word' id='word_1_43' title='bbox 843 697 954 781; x_wconf 81' lang='lat' dir='ltr'>Gabor,</span> <span class='ocrx_word' id='word_1_44' title='bbox 987 699 1093 762; x_wconf 79' lang='lat' dir='ltr'>Daciae</span> 
     </span>
     <span class='ocr_line' id='line_1_7' title="bbox 71 788 1094 869; baseline 0.002 -21"><span class='ocrx_word' id='word_1_45' title='bbox 71 790 231 869; x_wconf 76' lang='lat' dir='ltr'>princeps,</span> <span class='ocrx_word' id='word_1_46' title='bbox 262 791 527 850; x_wconf 88' lang='lat' dir='ltr'>instructissimum</span> <span class='ocrx_word' id='word_1_47' title='bbox 558 788 647 848; x_wconf 90' lang='lat' dir='ltr'>habet</span> <span class='ocrx_word' id='word_1_48' title='bbox 680 791 857 869; x_wconf 84' lang='lat' dir='ltr'>exercitum,</span> <span class='ocrx_word' id='word_1_49' title='bbox 893 807 982 869; x_wconf 90' lang='lat' dir='ltr'>quem</span> <span class='ocrx_word' id='word_1_50' title='bbox 1015 789 1094 850; x_wconf 91' lang='lat' dir='ltr'>haud</span> 
     </span>
     <span class='ocr_line' id='line_1_8' title="bbox 72 872 1093 958; baseline 0 -20"><span class='ocrx_word' id='word_1_51' title='bbox 72 879 188 938; x_wconf 83' lang='lat' dir='ltr'>frustra</span> <span class='ocrx_word' id='word_1_52' title='bbox 221 876 286 938; x_wconf 90' lang='lat' dir='ltr'>alet.</span> <span class='ocrx_word' id='word_1_53' title='bbox 316 877 407 957; x_wconf 87' lang='lat' dir='ltr'>Regis</span> <span class='ocrx_word' id='word_1_54' title='bbox 434 876 495 937; x_wconf 90' lang='lat' dir='ltr'>Pol.</span> <span class='ocrx_word' id='word_1_55' title='bbox 520 872 537 939; x_wconf 90' lang='grc' dir='ltr'>ὁ</span> <span class='ocrx_word' id='word_1_56' title='bbox 561 876 772 958; x_wconf 78' lang='grc' dir='ltr'><strong><em>πρωτοτόκος</em></strong></span> <span class='ocrx_word' id='word_1_57' title='bbox 800 895 904 939; x_wconf 90' lang='lat' dir='ltr'>mense</span> <span class='ocrx_word' id='word_1_58' title='bbox 937 881 1093 958; x_wconf 79' lang='lat' dir='ltr'>superiore</span> 
     </span>
     <span class='ocr_line' id='line_1_9' title="bbox 63 965 1094 1047; baseline 0.002 -21"><span class='ocrx_word' id='word_1_59' title='bbox 63 966 204 1045; x_wconf 51' lang='lat' dir='ltr'>¹Augusti</span> <span class='ocrx_word' id='word_1_60' title='bbox 226 966 374 1045; x_wconf 76' lang='lat' dir='ltr'>Augustae</span> <span class='ocrx_word' id='word_1_61' title='bbox 397 966 480 1027; x_wconf 91' lang='lat' dir='ltr'>Viud.</span> <span class='ocrx_word' id='word_1_62' title='bbox 505 973 535 1027; x_wconf 89' lang='lat' dir='ltr'>ct</span> <span class='ocrx_word' id='word_1_63' title='bbox 558 965 740 1046; x_wconf 85' lang='lat' dir='ltr'>Noribergae</span> <span class='ocrx_word' id='word_1_64' title='bbox 763 968 829 1047; x_wconf 85' lang='lat' dir='ltr'>suit,</span> <span class='ocrx_word' id='word_1_65' title='bbox 852 967 921 1028; x_wconf 89' lang='lat' dir='ltr'>inde</span> <span class='ocrx_word' id='word_1_66' title='bbox 940 967 1094 1028; x_wconf 83' lang='lat' dir='ltr'>Bruxellas</span> 
     </span>
     <span class='ocr_line' id='line_1_10' title="bbox 71 1049 1094 1138; baseline -0.001 -21"><span class='ocrx_word' id='word_1_67' title='bbox 71 1049 288 1117; x_wconf 79' lang='lat' dir='ltr'>contendit⁶¹⁰t</span> <span class='ocrx_word' id='word_1_68' title='bbox 311 1056 362 1116; x_wconf 89' lang='lat' dir='ltr'>hat</span> <span class='ocrx_word' id='word_1_69' title='bbox 379 1054 414 1116; x_wconf 91' lang='lat' dir='ltr'>H.</span> <span class='ocrx_word' id='word_1_70' title='bbox 433 1054 616 1116; x_wconf 87' lang='lat' dir='ltr'>Hainhoiern</span> <span class='ocrx_word' id='word_1_71' title='bbox 638 1057 687 1116; x_wconf 95' lang='lat' dir='ltr'>ein</span> <span class='ocrx_word' id='word_1_72' title='bbox 707 1056 793 1116; x_wconf 84' lang='lat' dir='ltr'>stiick</span> <span class='ocrx_word' id='word_1_73' title='bbox 812 1057 946 1135; x_wconf 81' lang='lat' dir='ltr'>Agtstein</span> <span class='ocrx_word' id='word_1_74' title='bbox 966 1057 1094 1138; x_wconf 80' lang='lat' dir='ltr'>rerehrt‚</span> 
     </span>
     <span class='ocr_line' id='line_1_11' title="bbox 71 1144 1094 1227; baseline 0.002 -23"><span class='ocrx_word' id='word_1_75' title='bbox 71 1145 164 1205; x_wconf 89' lang='lat' dir='ltr'>dariu</span> <span class='ocrx_word' id='word_1_76' title='bbox 178 1147 227 1204; x_wconf 87' lang='lat' dir='ltr'>ein</span> <span class='ocrx_word' id='word_1_77' title='bbox 241 1151 361 1223; x_wconf 83' lang='lat' dir='ltr'>gantzer</span> <span class='ocrx_word' id='word_1_78' title='bbox 375 1144 477 1205; x_wconf 87' lang='lat' dir='ltr'>Eidex.</span> <span class='ocrx_word' id='word_1_79' title='bbox 513 1144 703 1204; x_wconf 80' lang='lat' dir='ltr'>Professores</span> <span class='ocrx_word' id='word_1_80' title='bbox 718 1145 854 1206; x_wconf 79' lang='lat' dir='ltr'>Altorssni</span> <span class='ocrx_word' id='word_1_81' title='bbox 868 1145 967 1206; x_wconf 86' lang='lat' dir='ltr'>valent</span> <span class='ocrx_word' id='word_1_82' title='bbox 982 1163 1094 1227; x_wconf 88' lang='lat' dir='ltr'>omnes,</span> 
     </span>
     <span class='ocr_line' id='line_1_12' title="bbox 70 1232 1093 1315; baseline 0 -20"><span class='ocrx_word' id='word_1_83' title='bbox 70 1235 167 1295; x_wconf 89' lang='lat' dir='ltr'>etiam</span> <span class='ocrx_word' id='word_1_84' title='bbox 185 1240 255 1294; x_wconf 89' lang='lat' dir='ltr'>tuus</span> <span class='ocrx_word' id='word_1_85' title='bbox 269 1233 425 1305; x_wconf 85' lang='lat' dir='ltr'>Queccius.</span> <span class='ocrx_word' id='word_1_86' title='bbox 463 1232 551 1294; x_wconf 89' lang='lat' dir='ltr'>Plura</span> <span class='ocrx_word' id='word_1_87' title='bbox 570 1251 625 1293; x_wconf 90' lang='lat' dir='ltr'>uec</span> <span class='ocrx_word' id='word_1_88' title='bbox 646 1241 715 1294; x_wconf 91' lang='lat' dir='ltr'>sunt</span> <span class='ocrx_word' id='word_1_89' title='bbox 734 1252 789 1295; x_wconf 89' lang='lat' dir='ltr'>nec</span> <span class='ocrx_word' id='word_1_90' title='bbox 803 1234 874 1295; x_wconf 88' lang='lat' dir='ltr'>licet</span> <span class='ocrx_word' id='word_1_91' title='bbox 887 1253 942 1314; x_wconf 91' lang='lat' dir='ltr'>per</span> <span class='ocrx_word' id='word_1_92' title='bbox 957 1237 1093 1315; x_wconf 89' lang='lat' dir='ltr'>amicum,</span> 
     </span>
     <span class='ocr_line' id='line_1_13' title="bbox 70 1321 1093 1404; baseline 0.001 -21"><span class='ocrx_word' id='word_1_93' title='bbox 70 1324 131 1403; x_wconf 89' lang='lat' dir='ltr'>qui</span> <span class='ocrx_word' id='word_1_94' title='bbox 153 1324 185 1383; x_wconf 95' lang='lat' dir='ltr'>in</span> <span class='ocrx_word' id='word_1_95' title='bbox 208 1325 365 1402; x_wconf 89' lang='lat' dir='ltr'>procinctu</span> <span class='ocrx_word' id='word_1_96' title='bbox 387 1331 440 1383; x_wconf 90' lang='lat' dir='ltr'>est.</span> <span class='ocrx_word' id='word_1_97' title='bbox 477 1321 523 1382; x_wconf 88' lang='lat' dir='ltr'>Tu</span> <span class='ocrx_word' id='word_1_98' title='bbox 542 1324 633 1400; x_wconf 86' lang='lat' dir='ltr'>igitur</span> <span class='ocrx_word' id='word_1_99' title='bbox 652 1323 734 1384; x_wconf 91' lang='lat' dir='ltr'>hisce</span> <span class='ocrx_word' id='word_1_100' title='bbox 753 1322 817 1399; x_wconf 79' lang='lat' dir='ltr'>vale</span> <span class='ocrx_word' id='word_1_101' title='bbox 837 1325 983 1385; x_wconf 77' lang='lat' dir='ltr'>atterere</span> <span class='ocrx_word' id='word_1_102' title='bbox 1003 1342 1093 1404; x_wconf 84' lang='lat' dir='ltr'>perge</span> 
     </span>
    </p>
   </div>
   <div class='ocr_carea' id='block_1_3' title="bbox 121 1428 1049 1618">
    <p class='ocr_par' dir='ltr' id='par_1_3' title="bbox 121 1428 1049 1618">
     <span class='ocr_line' id='line_1_14' title="bbox 249 1428 1048 1508; baseline 0.003 -20"><span class='ocrx_word' id='word_1_103' title='bbox 249 1458 251 1462; x_wconf 44' lang='lat'><em>⁴</em></span> <span class='ocrx_word' id='word_1_104' title='bbox 527 1428 590 1489; x_wconf 85' lang='lat' dir='ltr'>Tuo</span> <span class='ocrx_word' id='word_1_105' title='bbox 613 1428 814 1490; x_wconf 88' lang='lat' dir='ltr'>Hermanno</span> <span class='ocrx_word' id='word_1_106' title='bbox 838 1430 1048 1508; x_wconf 82' lang='lat' dir='ltr'>Tederingo.</span> 
     </span>
     <span class='ocr_line' id='line_1_15' title="bbox 121 1532 1049 1618; baseline 0.001 -22"><span class='ocrx_word' id='word_1_107' title='bbox 121 1534 192 1596; x_wconf 85' lang='lat' dir='ltr'>uah.</span> <span class='ocrx_word' id='word_1_108' title='bbox 212 1537 321 1616; x_wconf 90' lang='lat' dir='ltr'>raptim</span> <span class='ocrx_word' id='word_1_109' title='bbox 343 1532 520 1618; x_wconf 84' lang='lat' dir='ltr'>Dentisci,</span> <span class='ocrx_word' id='word_1_110' title='bbox 543 1536 619 1615; x_wconf 91' lang='lat' dir='ltr'>prid.</span> <span class='ocrx_word' id='word_1_111' title='bbox 640 1536 666 1596; x_wconf 91' lang='lat' dir='ltr'>d.</span> <span class='ocrx_word' id='word_1_112' title='bbox 686 1535 838 1596; x_wconf 80' lang='lat' dir='ltr'>Michaelis</span> <span class='ocrx_word' id='word_1_113' title='bbox 857 1556 882 1597; x_wconf 89' lang='lat' dir='ltr'>a.</span> <span class='ocrx_word' id='word_1_114' title='bbox 902 1536 933 1597; x_wconf 85' lang='lat' dir='ltr'>C.</span> <span class='ocrx_word' id='word_1_115' title='bbox 954 1533 1049 1598; x_wconf 77' lang='lat'>1624.</span> 
     </span>
    </p>
   </div>
   <div class='ocr_carea' id='block_1_4' title="bbox 69 1723 1091 1889">
    <p class='ocr_par' dir='ltr' id='par_1_4' title="bbox 69 1723 1091 1889">
     <span class='ocr_line' id='line_1_16' title="bbox 224 1723 1056 1814; baseline 0.002 -21"><span class='ocrx_word' id='word_1_116' title='bbox 224 1723 275 1795; x_wconf 82' lang='lat'>83.</span> <span class='ocrx_word' id='word_1_117' title='bbox 306 1727 344 1795; x_wconf 89' lang='lat' dir='ltr'>H.</span> <span class='ocrx_word' id='word_1_118' title='bbox 367 1725 688 1814; x_wconf 66' lang='lat' dir='ltr'>dhederingusNie.</span> <span class='ocrx_word' id='word_1_119' title='bbox 711 1725 944 1795; x_wconf 85' lang='lat' dir='ltr'>Rittcrshusio.</span> <span class='ocrx_word' id='word_1_120' title='bbox 1054 1792 1056 1795; x_wconf 83' lang='grc'><em>,</em></span> 
     </span>
     <span class='ocr_line' id='line_1_17' title="bbox 69 1830 1091 1889; baseline 0.002 -2"><span class='ocrx_word' id='word_1_121' title='bbox 69 1830 243 1887; x_wconf 83' lang='lat' dir='ltr'>Dentisci.</span> <span class='ocrx_word' id='word_1_122' title='bbox 309 1883 311 1887; x_wconf 79' lang='grc'>,</span> <span class='ocrx_word' id='word_1_123' title='bbox 868 1837 911 1888; x_wconf 77' lang='lat'>26.</span> <span class='ocrx_word' id='word_1_124' title='bbox 931 1831 991 1889; x_wconf 83' lang='lat' dir='ltr'>Oct.</span> <span class='ocrx_word' id='word_1_125' title='bbox 1013 1838 1091 1889; x_wconf 75' lang='lat'>1624.</span> 
     </span>
    </p>
   </div>
   <div class='ocr_carea' id='block_1_5' title="bbox 68 1941 1145 3634">
    <p class='ocr_par' dir='ltr' id='par_1_5' title="bbox 68 1941 1093 2111">
     <span class='ocr_line' id='line_1_18' title="bbox 144 1941 1093 2026; baseline 0.005 -24"><span class='ocrx_word' id='word_1_126' title='bbox 144 1941 309 2003; x_wconf 88' lang='lat' dir='ltr'>..Nicolao</span> <span class='ocrx_word' id='word_1_127' title='bbox 337 1942 537 2003; x_wconf 88' lang='lat' dir='ltr'>Rittershusio</span> <span class='ocrx_word' id='word_1_128' title='bbox 560 1943 605 2004; x_wconf 84' lang='lat' dir='ltr'>lu.</span> <span class='ocrx_word' id='word_1_129' title='bbox 635 1947 666 2004; x_wconf 91' lang='lat' dir='ltr'>in</span> <span class='ocrx_word' id='word_1_130' title='bbox 690 1944 846 2006; x_wconf 77' lang='lat' dir='ltr'>Academia</span> <span class='ocrx_word' id='word_1_131' title='bbox 874 1944 1002 2006; x_wconf 86' lang='lat' dir='ltr'>Pruteua</span> <span class='ocrx_word' id='word_1_132' title='bbox 1025 1965 1053 2026; x_wconf 94' lang='lat' dir='ltr'>p.</span> <span class='ocrx_word' id='word_1_133' title='bbox 1073 1954 1093 2007; x_wconf 93' lang='lat' dir='ltr'>t.</span> 
     </span>
     <span class='ocr_line' id='line_1_19' title="bbox 68 2031 577 2111; baseline -0.002 -17"><span class='ocrx_word' id='word_1_134' title='bbox 68 2033 271 2095; x_wconf 84' lang='lat' dir='ltr'>commoranti</span> <span class='ocrx_word' id='word_1_135' title='bbox 286 2080 292 2092; x_wconf 97' lang='lat'><strong><em>.</em></strong></span> <span class='ocrx_word' id='word_1_136' title='bbox 308 2079 315 2092; x_wconf 93' lang='lat'><strong>.</strong></span> <span class='ocrx_word' id='word_1_137' title='bbox 329 2031 534 2111; x_wconf 83' lang='lat' dir='ltr'>Koeuigsberg</span> <span class='ocrx_word' id='word_1_138' title='bbox 549 2080 555 2092; x_wconf 90' lang='lat'><strong><em>.</em></strong></span> <span class='ocrx_word' id='word_1_139' title='bbox 571 2081 577 2093; x_wconf 87' lang='lat'>.</span> 
     </span>
    </p>

    <p class='ocr_par' dir='ltr' id='par_1_6' title="bbox 72 2119 1093 2274">
     <span class='ocr_line' id='line_1_20' title="bbox 142 2119 1093 2205; baseline 0.005 -25"><span class='ocrx_word' id='word_1_140' title='bbox 142 2120 401 2182; x_wconf 88' lang='lat' dir='ltr'>Praestantissime</span> <span class='ocrx_word' id='word_1_141' title='bbox 421 2127 451 2181; x_wconf 88' lang='lat' dir='ltr'>et</span> <span class='ocrx_word' id='word_1_142' title='bbox 469 2119 646 2183; x_wconf 86' lang='lat' dir='ltr'>Doctissime</span> <span class='ocrx_word' id='word_1_143' title='bbox 666 2122 719 2182; x_wconf 86' lang='lat' dir='ltr'>Du.</span> <span class='ocrx_word' id='word_1_144' title='bbox 739 2122 868 2205; x_wconf 84' lang='lat' dir='ltr'>Nicolae,</span> <span class='ocrx_word' id='word_1_145' title='bbox 887 2126 980 2184; x_wconf 88' lang='lat' dir='ltr'>amice</span> <span class='ocrx_word' id='word_1_146' title='bbox 999 2125 1093 2204; x_wconf 67' lang='lat' dir='ltr'>pluri-⁴</span> 
     </span>
     <span class='ocr_line' id='line_1_21' title="bbox 72 2208 379 2274; baseline -0.013 0"><span class='ocrx_word' id='word_1_147' title='bbox 72 2229 159 2274; x_wconf 90' lang='lat' dir='ltr'>mum</span> <span class='ocrx_word' id='word_1_148' title='bbox 194 2208 379 2272; x_wconf 85' lang='lat' dir='ltr'>honorande!</span> 
     </span>
    </p>

    <p class='ocr_par' dir='ltr' id='par_1_7' title="bbox 69 2298 1145 3634">
     <span class='ocr_line' id='line_1_22' title="bbox 143 2298 1093 2382; baseline 0.001 -22"><span class='ocrx_word' id='word_1_149' title='bbox 143 2298 200 2361; x_wconf 88' lang='lat' dir='ltr'>Sal.</span> <span class='ocrx_word' id='word_1_150' title='bbox 211 2306 242 2360; x_wconf 89' lang='lat' dir='ltr'>et</span> <span class='ocrx_word' id='word_1_151' title='bbox 251 2300 298 2359; x_wconf 85' lang='lat' dir='ltr'>oii.</span> <span class='ocrx_word' id='word_1_152' title='bbox 322 2299 438 2359; x_wconf 85' lang='lat' dir='ltr'>Tardus</span> <span class='ocrx_word' id='word_1_153' title='bbox 447 2316 488 2379; x_wconf 86' lang='lat' dir='ltr'>es,</span> <span class='ocrx_word' id='word_1_154' title='bbox 501 2316 539 2360; x_wconf 95' lang='lat' dir='ltr'>ne</span> <span class='ocrx_word' id='word_1_155' title='bbox 550 2299 620 2378; x_wconf 90' lang='lat' dir='ltr'>quid</span> <span class='ocrx_word' id='word_1_156' title='bbox 632 2299 728 2359; x_wconf 89' lang='lat' dir='ltr'>dicam</span> <span class='ocrx_word' id='word_1_157' title='bbox 739 2302 866 2379; x_wconf 83' lang='lat' dir='ltr'>gravius,</span> <span class='ocrx_word' id='word_1_158' title='bbox 882 2301 912 2358; x_wconf 94' lang='lat' dir='ltr'>in</span> <span class='ocrx_word' id='word_1_159' title='bbox 925 2299 1093 2382; x_wconf 75' lang='lat' dir='ltr'>scribendo,</span> 
     </span>
     <span class='ocr_line' id='line_1_23' title="bbox 71 2386 1092 2468; baseline 0.001 -19"><span class='ocrx_word' id='word_1_160' title='bbox 71 2393 166 2450; x_wconf 90' lang='lat' dir='ltr'>immo</span> <span class='ocrx_word' id='word_1_161' title='bbox 181 2388 388 2468; x_wconf 80' lang='lat' dir='ltr'>respondendo</span> <span class='ocrx_word' id='word_1_162' title='bbox 403 2387 439 2449; x_wconf 91' lang='lat' dir='ltr'>ad</span> <span class='ocrx_word' id='word_1_163' title='bbox 455 2406 537 2449; x_wconf 89' lang='lat' dir='ltr'>meas</span> <span class='ocrx_word' id='word_1_164' title='bbox 550 2387 645 2468; x_wconf 87' lang='lat' dir='ltr'>binas,</span> <span class='ocrx_word' id='word_1_165' title='bbox 663 2404 736 2466; x_wconf 89' lang='lat' dir='ltr'>quas</span> <span class='ocrx_word' id='word_1_166' title='bbox 750 2390 828 2447; x_wconf 91' lang='lat' dir='ltr'>intra</span> <span class='ocrx_word' id='word_1_167' title='bbox 842 2386 984 2448; x_wconf 85' lang='lat' dir='ltr'>bimestre</span> <span class='ocrx_word' id='word_1_168' title='bbox 1000 2388 1036 2448; x_wconf 90' lang='lat' dir='ltr'>ad</span> <span class='ocrx_word' id='word_1_169' title='bbox 1051 2386 1092 2450; x_wconf 85' lang='lat' dir='ltr'>Te</span> 
     </span>
     <span class='ocr_line' id='line_1_24' title="bbox 72 2469 1093 2560; baseline 0 -21"><span class='ocrx_word' id='word_1_170' title='bbox 72 2476 155 2559; x_wconf 81' lang='lat' dir='ltr'>dedi,</span> <span class='ocrx_word' id='word_1_171' title='bbox 178 2496 232 2557; x_wconf 90' lang='lat' dir='ltr'>per</span> <span class='ocrx_word' id='word_1_172' title='bbox 255 2480 375 2558; x_wconf 87' lang='lat' dir='ltr'>amicos,</span> <span class='ocrx_word' id='word_1_173' title='bbox 399 2479 451 2557; x_wconf 92' lang='lat' dir='ltr'>qui</span> <span class='ocrx_word' id='word_1_174' title='bbox 474 2496 524 2538; x_wconf 90' lang='lat' dir='ltr'>eas</span> <span class='ocrx_word' id='word_1_175' title='bbox 547 2469 628 2537; x_wconf 88' lang='lat' dir='ltr'>recte</span> <span class='ocrx_word' id='word_1_176' title='bbox 647 2470 708 2560; x_wconf 87' lang='lat' dir='ltr'>(sat</span> <span class='ocrx_word' id='word_1_177' title='bbox 727 2469 803 2560; x_wconf 84' lang='lat' dir='ltr'>scio)</span> <span class='ocrx_word' id='word_1_178' title='bbox 824 2482 973 2537; x_wconf 90' lang='lat' dir='ltr'>curarunt.</span> <span class='ocrx_word' id='word_1_179' title='bbox 1016 2477 1093 2549; x_wconf 81' lang='lat' dir='ltr'>Quid</span> 
     </span>
     <span class='ocr_line' id='line_1_25' title="bbox 72 2566 1093 2648; baseline -0.001 -20"><span class='ocrx_word' id='word_1_180' title='bbox 72 2576 143 2628; x_wconf 86' lang='lat' dir='ltr'>tuas</span> <span class='ocrx_word' id='word_1_181' title='bbox 171 2574 352 2648; x_wconf 80' lang='lat' dir='ltr'>remoretur,</span> <span class='ocrx_word' id='word_1_182' title='bbox 379 2569 498 2648; x_wconf 82' lang='lat' dir='ltr'>ignor03</span> <span class='ocrx_word' id='word_1_183' title='bbox 526 2568 656 2627; x_wconf 89' lang='lat' dir='ltr'>rariores</span> <span class='ocrx_word' id='word_1_184' title='bbox 680 2566 801 2646; x_wconf 89' lang='lat' dir='ltr'>quidem</span> <span class='ocrx_word' id='word_1_185' title='bbox 824 2583 903 2627; x_wconf 90' lang='lat' dir='ltr'>nuuc</span> <span class='ocrx_word' id='word_1_186' title='bbox 927 2575 997 2628; x_wconf 92' lang='lat' dir='ltr'>sunt</span> <span class='ocrx_word' id='word_1_187' title='bbox 1021 2571 1093 2629; x_wconf 89' lang='lat' dir='ltr'>scri-</span> 
     </span>
     <span class='ocr_line' id='line_1_26' title="bbox 74 2655 1093 2737; baseline 0.001 -20"><span class='ocrx_word' id='word_1_188' title='bbox 74 2655 166 2717; x_wconf 89' lang='lat' dir='ltr'>bendi</span> <span class='ocrx_word' id='word_1_189' title='bbox 196 2657 381 2737; x_wconf 81' lang='lat' dir='ltr'>occasiones,</span> <span class='ocrx_word' id='word_1_190' title='bbox 409 2655 461 2717; x_wconf 91' lang='lat' dir='ltr'>sed</span> <span class='ocrx_word' id='word_1_191' title='bbox 487 2656 604 2735; x_wconf 89' lang='lat' dir='ltr'>cupidis</span> <span class='ocrx_word' id='word_1_192' title='bbox 628 2675 688 2717; x_wconf 91' lang='lat' dir='ltr'>non</span> <span class='ocrx_word' id='word_1_193' title='bbox 711 2656 797 2736; x_wconf 86' lang='lat' dir='ltr'>plane</span> <span class='ocrx_word' id='word_1_194' title='bbox 821 2655 926 2717; x_wconf 86' lang='lat' dir='ltr'>nullae.</span> <span class='ocrx_word' id='word_1_195' title='bbox 974 2655 1093 2719; x_wconf 84' lang='lat' dir='ltr'>Clariss.</span> 
     </span>
     <span class='ocr_line' id='line_1_27' title="bbox 73 2738 1092 2828; baseline -0.001 -23"><span class='ocrx_word' id='word_1_196' title='bbox 73 2744 128 2805; x_wconf 86' lang='lat' dir='ltr'>Du.</span> <span class='ocrx_word' id='word_1_197' title='bbox 151 2744 222 2804; x_wconf 85' lang='lat' dir='ltr'>Dan.</span> <span class='ocrx_word' id='word_1_198' title='bbox 246 2738 406 2805; x_wconf 74' lang='lat' dir='ltr'>Becker⁵1³</span> <span class='ocrx_word' id='word_1_199' title='bbox 433 2745 510 2805; x_wconf 90' lang='lat' dir='ltr'>med.</span> <span class='ocrx_word' id='word_1_200' title='bbox 534 2744 552 2804; x_wconf 90' lang='lat' dir='ltr'>l.</span> <span class='ocrx_word' id='word_1_201' title='bbox 579 2753 695 2807; x_wconf 82' lang='lat' dir='ltr'>restrae</span> <span class='ocrx_word' id='word_1_202' title='bbox 723 2746 890 2806; x_wconf 89' lang='lat' dir='ltr'>academiae</span> <span class='ocrx_word' id='word_1_203' title='bbox 920 2740 966 2828; x_wconf 89' lang='lat' dir='ltr'>(ui</span> <span class='ocrx_word' id='word_1_204' title='bbox 994 2740 1092 2828; x_wconf 81' lang='lat' dir='ltr'>fallor)</span> 
     </span>
     <span class='ocr_line' id='line_1_28' title="bbox 75 2833 1093 2915; baseline 0.002 -22"><span class='ocrx_word' id='word_1_205' title='bbox 75 2833 237 2915; x_wconf 82' lang='lat' dir='ltr'>professor,</span> <span class='ocrx_word' id='word_1_206' title='bbox 256 2835 329 2894; x_wconf 87' lang='lat' dir='ltr'>civis</span> <span class='ocrx_word' id='word_1_207' title='bbox 349 2841 379 2894; x_wconf 89' lang='lat' dir='ltr'>et</span> <span class='ocrx_word' id='word_1_208' title='bbox 396 2834 512 2893; x_wconf 87' lang='lat' dir='ltr'>vicinus</span> <span class='ocrx_word' id='word_1_209' title='bbox 532 2835 680 2913; x_wconf 90' lang='lat' dir='ltr'>quondam</span> <span class='ocrx_word' id='word_1_210' title='bbox 699 2852 793 2915; x_wconf 80' lang='lat' dir='ltr'>meus,</span> <span class='ocrx_word' id='word_1_211' title='bbox 815 2833 921 2893; x_wconf 85' lang='lat' dir='ltr'>lubens</span> <span class='ocrx_word' id='word_1_212' title='bbox 940 2841 1005 2893; x_wconf 88' lang='lat' dir='ltr'>tu&#39;as</span> <span class='ocrx_word' id='word_1_213' title='bbox 1025 2850 1093 2895; x_wconf 90' lang='lat' dir='ltr'>cum</span> 
     </span>
     <span class='ocr_line' id='line_1_29' title="bbox 76 2921 1091 3002; baseline 0.001 -20"><span class='ocrx_word' id='word_1_214' title='bbox 76 2925 139 2983; x_wconf 89' lang='lat' dir='ltr'>suis</span> <span class='ocrx_word' id='word_1_215' title='bbox 167 2922 204 2983; x_wconf 89' lang='lat' dir='ltr'>ad</span> <span class='ocrx_word' id='word_1_216' title='bbox 232 2941 280 2984; x_wconf 92' lang='lat' dir='ltr'>me</span> <span class='ocrx_word' id='word_1_217' title='bbox 303 2924 480 2984; x_wconf 87' lang='lat' dir='ltr'>traiecisset.</span> <span class='ocrx_word' id='word_1_218' title='bbox 525 2922 606 2983; x_wconf 90' lang='lat' dir='ltr'>idem</span> <span class='ocrx_word' id='word_1_219' title='bbox 631 2929 817 3002; x_wconf 85' lang='lat' dir='ltr'>expectarem</span> <span class='ocrx_word' id='word_1_220' title='bbox 842 2940 959 3000; x_wconf 91' lang='lat' dir='ltr'>quoque</span> <span class='ocrx_word' id='word_1_221' title='bbox 979 2941 995 2981; x_wconf 91' lang='lat' dir='ltr'>a</span> <span class='ocrx_word' id='word_1_222' title='bbox 1018 2921 1091 2983; x_wconf 87' lang='lat' dir='ltr'>Nob.</span> 
     </span>
     <span class='ocr_line' id='line_1_30' title="bbox 76 3009 1092 3093; baseline 0 -22"><span class='ocrx_word' id='word_1_223' title='bbox 76 3010 129 3072; x_wconf 85' lang='lat' dir='ltr'>Du.</span> <span class='ocrx_word' id='word_1_224' title='bbox 144 3010 179 3072; x_wconf 87' lang='lat' dir='ltr'>N.</span> <span class='ocrx_word' id='word_1_225' title='bbox 193 3011 369 3093; x_wconf 70' lang='lat' dir='ltr'>Longanos,</span> <span class='ocrx_word' id='word_1_226' title='bbox 392 3014 443 3091; x_wconf 87' lang='lat' dir='ltr'>qui</span> <span class='ocrx_word' id='word_1_227' title='bbox 463 3030 530 3071; x_wconf 92' lang='lat' dir='ltr'>cum</span> <span class='ocrx_word' id='word_1_228' title='bbox 550 3013 718 3090; x_wconf 88' lang='lat' dir='ltr'>inspectore</span> <span class='ocrx_word' id='word_1_229' title='bbox 738 3028 791 3070; x_wconf 90' lang='lat' dir='ltr'>suo</span> <span class='ocrx_word' id='word_1_230' title='bbox 811 3010 864 3069; x_wconf 85' lang='lat' dir='ltr'>Dn.</span> <span class='ocrx_word' id='word_1_231' title='bbox 880 3009 1092 3090; x_wconf 87' lang='lat' dir='ltr'>Schmedorpio</span> 
     </span>
     <span class='ocr_line' id='line_1_31' title="bbox 78 3098 1092 3162; baseline 0 -2"><span class='ocrx_word' id='word_1_232' title='bbox 78 3118 184 3162; x_wconf 86' lang='lat' dir='ltr'>recens</span> <span class='ocrx_word' id='word_1_233' title='bbox 208 3101 243 3161; x_wconf 86' lang='lat' dir='ltr'>ad</span> <span class='ocrx_word' id='word_1_234' title='bbox 262 3100 320 3160; x_wconf 90' lang='lat' dir='ltr'>Vos</span> <span class='ocrx_word' id='word_1_235' title='bbox 344 3102 470 3161; x_wconf 90' lang='lat' dir='ltr'>accessit</span> <span class='ocrx_word' id='word_1_236' title='bbox 493 3107 522 3160; x_wconf 89' lang='lat' dir='ltr'>et</span> <span class='ocrx_word' id='word_1_237' title='bbox 545 3100 581 3160; x_wconf 91' lang='lat' dir='ltr'>ad</span> <span class='ocrx_word' id='word_1_238' title='bbox 605 3118 674 3160; x_wconf 90' lang='lat' dir='ltr'>suos</span> <span class='ocrx_word' id='word_1_239' title='bbox 698 3099 746 3158; x_wconf 91' lang='lat' dir='ltr'>hic</span> <span class='ocrx_word' id='word_1_240' title='bbox 770 3098 905 3159; x_wconf 90' lang='lat' dir='ltr'>crebrius</span> <span class='ocrx_word' id='word_1_241' title='bbox 929 3098 1024 3159; x_wconf 91' lang='lat' dir='ltr'>literis</span> <span class='ocrx_word' id='word_1_242' title='bbox 1048 3102 1092 3160; x_wconf 95' lang='lat' dir='ltr'>iu-</span> 
     </span>
     <span class='ocr_line' id='line_1_32' title="bbox 79 3182 1094 3273; baseline 0 -23"><span class='ocrx_word' id='word_1_243' title='bbox 79 3192 155 3251; x_wconf 84' lang='lat' dir='ltr'>visit.</span> <span class='ocrx_word' id='word_1_244' title='bbox 194 3182 250 3271; x_wconf 83' lang='lat' dir='ltr'>(Ad</span> <span class='ocrx_word' id='word_1_245' title='bbox 275 3183 468 3273; x_wconf 69' lang='lat' dir='ltr'>marginem)</span> <span class='ocrx_word' id='word_1_246' title='bbox 492 3188 544 3248; x_wconf 84' lang='lat' dir='ltr'>Die</span> <span class='ocrx_word' id='word_1_247' title='bbox 565 3187 664 3249; x_wconf 79' lang='lat' dir='ltr'>Chuni.</span> <span class='ocrx_word' id='word_1_248' title='bbox 683 3187 835 3266; x_wconf 83' lang='lat' dir='ltr'>Regirung</span> <span class='ocrx_word' id='word_1_249' title='bbox 853 3206 889 3248; x_wconf 91' lang='lat' dir='ltr'>zu</span> <span class='ocrx_word' id='word_1_250' title='bbox 908 3184 1094 3268; x_wconf 82' lang='lat' dir='ltr'>lionigsberg</span> 
     </span>
     <span class='ocr_line' id='line_1_33' title="bbox 78 3275 1094 3340; baseline -0.002 0"><span class='ocrx_word' id='word_1_251' title='bbox 78 3276 229 3340; x_wconf 87' lang='lat' dir='ltr'>schreibet</span> <span class='ocrx_word' id='word_1_252' title='bbox 251 3277 326 3339; x_wconf 88' lang='lat' dir='ltr'>auch</span> <span class='ocrx_word' id='word_1_253' title='bbox 349 3297 417 3339; x_wconf 84' lang='lat' dir='ltr'>zum</span> <span class='ocrx_word' id='word_1_254' title='bbox 440 3279 548 3339; x_wconf 79' lang='lat' dir='ltr'>autern</span> <span class='ocrx_word' id='word_1_255' title='bbox 572 3295 608 3337; x_wconf 90' lang='lat' dir='ltr'>an</span> <span class='ocrx_word' id='word_1_256' title='bbox 632 3276 679 3336; x_wconf 92' lang='lat' dir='ltr'>die</span> <span class='ocrx_word' id='word_1_257' title='bbox 699 3275 799 3338; x_wconf 82' lang='lat' dir='ltr'>Churi</span> <span class='ocrx_word' id='word_1_258' title='bbox 819 3276 1011 3338; x_wconf 86' lang='lat' dir='ltr'>Consiliarios</span> <span class='ocrx_word' id='word_1_259' title='bbox 1033 3278 1094 3339; x_wconf 90' lang='lat' dir='ltr'>und</span> 
     </span>
     <span class='ocr_line' id='line_1_34' title="bbox 76 3365 1094 3447; baseline -0.002 -19"><span class='ocrx_word' id='word_1_260' title='bbox 76 3367 211 3447; x_wconf 82' lang='lat' dir='ltr'>Agenten</span> <span class='ocrx_word' id='word_1_261' title='bbox 247 3367 296 3428; x_wconf 89' lang='lat' dir='ltr'>hie</span> <span class='ocrx_word' id='word_1_262' title='bbox 333 3367 533 3428; x_wconf 88' lang='lat' dir='ltr'>residirende:</span> <span class='ocrx_word' id='word_1_263' title='bbox 570 3365 657 3427; x_wconf 87' lang='lat' dir='ltr'>dabei</span> <span class='ocrx_word' id='word_1_264' title='bbox 693 3383 771 3426; x_wconf 83' lang='lat' dir='ltr'>nere</span> <span class='ocrx_word' id='word_1_265' title='bbox 807 3373 903 3426; x_wconf 84' lang='lat' dir='ltr'>etuau</span> <span class='ocrx_word' id='word_1_266' title='bbox 936 3367 1012 3428; x_wconf 91' lang='lat' dir='ltr'>auch</span> <span class='ocrx_word' id='word_1_267' title='bbox 1044 3370 1094 3428; x_wconf 91' lang='lat' dir='ltr'>ein</span> 
     </span>
     <span class='ocr_line' id='line_1_35' title="bbox 79 3454 1120 3538; baseline -0.01 -21"><span class='ocrx_word' id='word_1_268' title='bbox 79 3455 245 3517; x_wconf 84' lang='lat' dir='ltr'>Sohreiheu&#39;</span> <span class='ocrx_word' id='word_1_269' title='bbox 268 3458 322 3516; x_wconf 91' lang='lat' dir='ltr'>mit</span> <span class='ocrx_word' id='word_1_270' title='bbox 310 3455 609 3538; x_wconf 84' lang='lat' dir='ltr'>tunterzuhringen.</span> <span class='ocrx_word' id='word_1_271' title='bbox 646 3455 736 3531; x_wconf 74' lang='lat' dir='ltr'>Quod</span> <span class='ocrx_word' id='word_1_272' title='bbox 756 3474 809 3518; x_wconf 85' lang='lat' dir='ltr'>me</span> <span class='ocrx_word' id='word_1_273' title='bbox 828 3474 887 3516; x_wconf 69' lang='lat' dir='ltr'>ms</span> <span class='ocrx_word' id='word_1_274' title='bbox 874 3463 936 3535; x_wconf 76' lang='grc' dir='ltr'>ιι</span> <span class='ocrx_word' id='word_1_275' title='bbox 947 3454 1034 3512; x_wconf 53' lang='lat' dir='ltr'>anuo</span> <span class='ocrx_word' id='word_1_276' title='bbox 1054 3462 1120 3522; x_wconf 72' lang='grc' dir='ltr'>ιιι</span> 
     </span>
     <span class='ocr_line' id='line_1_36' title="bbox 69 3502 1145 3634; baseline -0.007 -34"><span class='ocrx_word' id='word_1_277' title='bbox 69 3561 131 3603; x_wconf 86' lang='lat' dir='ltr'>uon</span> <span class='ocrx_word' id='word_1_278' title='bbox 159 3561 251 3621; x_wconf 83' lang='lat' dir='ltr'>posse</span> <span class='ocrx_word' id='word_1_279' title='bbox 283 3563 333 3606; x_wconf 91' lang='lat' dir='ltr'>me</span> <span class='ocrx_word' id='word_1_280' title='bbox 365 3545 514 3612; x_wconf 86' lang='lat' dir='ltr'>Nobiliss</span> <span class='ocrx_word' id='word_1_281' title='bbox 552 3558 647 3634; x_wconf 83' lang='lat' dir='ltr'>atque</span> <span class='ocrx_word' id='word_1_282' title='bbox 683 3547 832 3632; x_wconf 57' lang='lat' dir='ltr'>nuptus</span> <span class='ocrx_word' id='word_1_283' title='bbox 853 3545 922 3606; x_wconf 56' lang='lat' dir='ltr'>nn</span> <span class='ocrx_word' id='word_1_284' title='bbox 926 3502 1145 3599; x_wconf 53' lang='lat' dir='ltr'>mmmmm</span> 
     </span>
    </p>
   </div>
   <div class='ocr_carea' id='block_1_6' title="bbox 0 0 1203 3840">
    <p class='ocr_par' dir='ltr' id='par_1_8' title="bbox 0 0 1203 3840">
     <span class='ocr_line' id='line_1_37' title="bbox 0 0 1203 3840; baseline 0 0"><span class='ocrx_word' id='word_1_285' title='bbox 0 0 1203 3840; x_wconf 95' lang='lat' dir='ltr'> </span> 
     </span>
    </p>
   </div>
  </div>
 </body>
</html>
