2370 3840
431 1078 741 1155 Praefatio

146 1331 179 1392 ln
215 1332 291 1392 hanc
328 1331 519 1410 epistolarum
557 1332 775 1413 collectionem,
817 1352 941 1412 quarum
978 1343 1094 1414 partem

79 1418 244 1482 Guilelmus
268 1420 367 1500 Meyer
389 1421 539 1500 Spirensis
562 1421 636 1480 mibi
658 1421 787 1482 laudarit
810 1423 1094 1504 commendavitque,

79 1511 151 1571 alias
170 1529 237 1571 meo
257 1511 376 1590 iudicio,
399 1516 488 1590 prout
506 1509 691 1590 placuerunt,
713 1529 730 1570 e
750 1511 902 1572 codicibus
922 1511 1094 1591 Gottingen-

79 1598 162 1661 sibus
189 1600 296 1661 horum
325 1598 456 1678 catalogo
486 1617 581 1678 nuper
605 1598 684 1659 edito
709 1603 826 1678 egregie
851 1601 969 1661 adiutus
993 1601 1094 1682 selegi,

78 1692 175 1769 primo
196 1689 261 1750 loco
281 1695 419 1768 quattuor
438 1688 702 1749 celeberrimorum
721 1688 865 1749 Senoniae
884 1694 1093 1768 magistrorum

79 1779 115 1839 ad
134 1778 238 1857 Wollg.
256 1778 435 1858 Meurerum,
454 1777 654 1857 professorem
668 1777 863 1859 Lipsiensem,
882 1778 965 1839 datas
984 1781 1094 1858 episto-

78 1868 131 1948 las,
154 1867 275 1946 Georgii
299 1867 461 1948 Agricolae,
485 1866 606 1946 Georgii
623 1866 762 1948 Fabricii,
785 1867 903 1928 Esromi
921 1867 1094 1949 Rudingeri,

78 1957 183 2017 ddami
202 1957 308 2037 Siberi,
332 1958 466 2036 recipere
489 1960 586 2016 visum
610 1963 664 2017 est.
700 1956 753 2016 llis
777 1956 921 2018 accedunt
939 1965 1094 2037 poetarum

78 2047 208 2126 litterae,
236 2045 350 2105 Eobani
373 2044 460 2106 Hessi
484 2047 628 2126 quinque,
656 2048 735 2106 inter
758 2065 808 2106 cas
831 2055 907 2127 treS,
930 2049 962 2108 in
986 2047 1094 2126 quibus

79 2135 115 2196 ad
139 2136 227 2195 amici
250 2153 337 2214 opem
361 2133 484 2213 supplex
509 2134 649 2215 confugit,
673 2134 703 2194 id
722 2135 801 2213 quod
820 2138 928 2196 mirum
949 2154 1014 2197 esse
1034 2155 1093 2197 non

78 2230 176 2304 potest
203 2226 336 2303 inviro,
364 2223 459 2302 quoad
487 2224 573 2303 vixit,
601 2226 646 2283 rei
672 2223 824 2284 familiaris
852 2227 951 2303 inopia
975 2226 1093 2287 assidue

78 2320 192 2394 vexato,
215 2320 245 2374 et
259 2312 343 2373 Pauli
356 2312 469 2373 Melissi
487 2311 722 2392 bybliothecarii,
740 2331 799 2372 non
819 2314 992 2374 invenustac
1009 2317 1094 2375 satis·

78 2421 136 2482 que
174 2401 320 2481 loquaces.
376 2401 548 2480 Sequuntur
579 2401 642 2461 lani
674 2400 795 2462 Gruteri
827 2402 983 2484 epistolae,
1021 2422 1093 2483 quas

78 2494 187 2571 raptim
214 2498 245 2551 et
272 2498 354 2552 stans
382 2490 458 2570 pede
486 2493 602 2551 inuno
632 2493 765 2571 scripsit,
798 2509 925 2569 quarum
954 2492 1015 2553 stili
1043 2511 1094 2552 ne-

78 2580 256 2660 glegentiam
270 2582 450 2641 coniecturis
464 2580 614 2660 perpolire
629 2582 715 2641 anxie
726 2579 865 2660 abstinui,
879 2582 985 2641 ultimo
996 2588 1093 2642 autem

77 2669 143 2731 loco
166 2669 328 2730 Hermanni
352 2669 545 2750 Tbederingi,
569 2688 684 2730 summa
708 2688 775 2730 cum
799 2688 871 2730 cura
893 2677 924 2731 et
947 2670 1092 2732 munditia

78 2767 224 2838 exaratae,
246 2758 417 2819 iuveniliter
440 2766 470 2818 et
494 2760 593 2819 iocose
617 2761 753 2837 scriptae.

145 2847 237 2926 Epist.
272 2844 398 2909 1-17.
428 2845 568 2910 19-25
604 2850 634 2907 in
672 2847 735 2908 cod.
768 2847 955 2926 Gottingensi
987 2847 1094 2926 philos

78 2935 120 2999 89
141 2943 170 2996 ct
190 2934 247 2999 89⁸
269 2939 382 3016 insunt,
405 2933 546 2998 26—57.
566 2934 607 2999 61
632 2939 663 2996 in
687 2936 750 2997 cod.
772 2935 877 3015 philos.
898 2933 949 3017 91,
969 2933 1022 2998 59.
1042 2934 1094 3000 60.

78 3023 210 3088 62-69
239 3028 270 3086 in
299 3026 362 3087 cod.
390 3025 496 3104 philos.
524 3023 579 3106 92,
602 3022 654 3088 58.
680 3022 809 3088 70-91
840 3027 871 3085 in
900 3025 963 3086 cod.
987 3026 1093 3106 philos.

79 3111 193 3196 93,18
218 3117 248 3174 in
273 3114 336 3175 cod.
361 3117 506 3194 gymnasii
528 3113 732 3194 bybliothecae
755 3114 949 3175 lsenacensis.
983 3114 1094 3176 Omnes

78 3212 232 3264 auctorum
248 3200 386 3283 ‘propria
399 3200 504 3264 manu'
520 3205 647 3283 scriptae
664 3210 741 3284 sunt,
761 3212 880 3283 praeter
894 3201 1035 3267 26-57.
1050 3203 1091 3267 61

78 3286 170 3376 (saec.
190 3287 295 3376 xvn),
325 3289 366 3356 18
387 3287 478 3376 (saec.
497 3286 589 3376 llVl),
616 3291 658 3353 22
679 3286 808 3375 (recenti
831 3312 926 3354 manu
945 3314 966 3351 e
986 3294 1109 3350 seusus

77 3382 212 3443 mutilata
234 3376 484 3470 transscriptam).
522 3377 705 3466 ‘Epistolas'
735 3389 847 3444 autem
857 3377 1030 3440 nominaui
1044 3376 1136 3420 sexe-

72 3489 137 3530 rem
158 3471 311 3535 scribendi
335 3493 456 3539 morem
482 3485 625 3542 secutus.
