2370 3840
89 162 133 227 38
521 162 540 217 l.
561 160 674 216 Gruteri

85 313 167 373 hisce
191 330 343 390 nunquam
364 317 393 372 te
414 312 572 390 scripsisse
591 313 726 392 mirarer,
749 313 809 371 nisi
826 310 993 372 arbitrarer
1012 314 1102 393 scrip-

86 403 161 461 sisse
194 408 224 461 te
257 401 391 480 quidem,
425 399 477 460 sed
505 399 696 461 intercidisse
723 389 849 461 litteras:
893 399 957 479 Ego
986 403 1048 464 iam
1073 405 1103 462 in

84 490 188 551 morbo
211 508 278 550 meo
301 507 426 569 prorsus
449 489 629 550 obbrutesco
652 507 708 549 nec
725 507 849 569 possum
868 491 1003 551 animum
1022 508 1101 552 revo-

85 598 152 640 care
185 579 221 639 ad
250 576 424 658 disciplinas
452 577 517 638 illas
545 580 696 657 pristinas.
745 577 884 640 Melissus
912 587 1021 641 noster
1046 583 1102 641 iam

84 668 234 730 convaluit
262 667 413 746 ediditque
441 666 660 728 Meletematum
687 661 834 729 libros¹⁶⁷.
878 667 942 728 lam
970 669 1028 730 tibi
1055 670 1102 731 de-

84 775 237 819 creveram
254 759 374 817 mittere
393 774 496 816 manes
514 773 598 816 meos
612 750 834 839 Donellicos¹⁶⁸,
853 756 906 817 sed
925 759 1102 838 migratione

83 850 140 907 ista
173 840 287 908 11111169
319 863 379 906 non
411 851 546 924 poteram
577 847 721 907 invenire.
771 845 803 906 ld
835 853 936 907 tamen
967 851 1101 927 proxime

82 937 197 1008 faciam.
235 936 358 996 Interim
378 934 456 995 salve
476 942 506 996 et
527 934 598 1016 vale,
622 937 776 996 carissime
794 934 988 1018 Rittershusi,
1008 945 1038 997 et
1056 955 1100 998 me

81 1027 109 1085 si
132 1044 249 1085 mereor
272 1044 345 1086 11111.
878 1079 880 1083 ,

148 1114 180 1174 Τ.
200 1114 232 1174 Τ.
256 1113 277 1175 l.
297 1114 489 1194 Gruterus,
513 1115 566 1192 qui
589 1112 703 1174 isthaec
726 1111 894 1174 scribebam
916 1131 974 1174 nec
994 1114 1100 1175 sedens

82 1222 137 1263 nec
166 1211 249 1263 stans
277 1221 333 1263 nec
362 1202 487 1284 cubans,
518 1201 571 1262 sed
599 1194 1025 1287 omnia·(Heidelbergac)
1054 1203 1100 1264 die

85 1288 351 1371 mmmm

292 1497 336 1567 31.
369 1499 394 1568 Ι.
419 1499 579 1567 Gruterus
603 1499 634 1566 0.
657 1498 893 1568 Rittersbusio.

80 1622 347 1693 Heidelbergae.
858 1626 900 1677 15.
921 1621 1001 1692 Sept.
1023 1630 1100 1680 1593.

146 1737 206 1797 Nae
230 1745 263 1798 tu
286 1736 440 1797 literarum
464 1742 494 1795 et
518 1736 627 1796 amoris
651 1753 683 1795 es
707 1734 817 1815 largus,
840 1737 882 1794 mi
904 1734 1100 1818 Rittershusi,

79 1830 131 1907 qui
168 1825 203 1885 ad
239 1844 286 1886 me
319 1832 380 1884 tam
411 1823 582 1884 liberaliter.
633 1822 671 1883 Et
702 1823 738 1883 de
770 1822 992 1902 Epigrammate
1026 1827 1098 1906 quid

78 1919 188 1976 iterum
216 1916 275 1973 11111
302 1920 389 1991 putas
416 1931 507 1991 puras
536 1909 668 1991 gratias?
713 1912 758 1972 Tu
786 1929 890 1994 posce,
918 1932 988 1974 cum
1012 1914 1099 1997 libet,

77 2008 195 2084 paratas
220 2019 315 2081 servo,
339 2007 369 2061 et
393 2003 419 2060 si
443 2019 552 2083 cessas,
574 2000 621 2062 vel
643 2009 931 2081 repraesentaturus.
975 2003 1098 2085 lamque

78 2093 151 2153 adeo
181 2092 246 2152 eins
274 2091 401 2151 reliam
424 2107 503 2150 nunc
527 2091 666 2151 fecissem
689 2092 808 2151 initium
832 2084 993 2174 (debebam
1016 2097 1099 2154 enim

78 2180 303 2243 Genethliacunr
330 2181 361 2239 in
388 2181 515 2258 primam
543 2178 623 2240 illam
651 2172 834 2262 prolem)¹⁷⁰,
861 2182 994 2242 nisime
1019 2182 1100 2244 abri-

76 2279 183 2351 perent
200 2270 332 2351 plurium
351 2268 503 2349 epistolae,
523 2269 632 2347 quibus
650 2268 732 2328 hisce
751 2268 895 2330 nundinis
914 2271 1098 2333 satisfaciam

77 2369 202 2440 oportet.
248 2360 326 2439 Ergo
354 2361 412 2419 iam
440 2364 556 2418 tantum
585 2357 620 2417 ad
648 2364 723 2418 tuae.
769 2356 846 2428 Quid
874 2359 906 2418 ni
933 2357 1022 2420 nobis
1051 2379 1098 2422 sa·

76 2453 192 2529 puisset
219 2449 327 2528 elegia,
355 2466 422 2508 cum
451 2453 512 2508 tota
535 2453 617 2507 esset
639 2443 770 2526 mattya?
816 2445 906 2527 Sique
929 2449 1098 2528 imparatus

75 2546 137 2598 tam
169 2537 262 2597 electa
295 2538 438 2615 proponis
470 2537 588 2616 amicis,
621 2537 698 2596 scire
728 2535 846 2616 rebem,
880 2553 937 2614 qua
965 2540 1098 2618 accipias

77 2644 168 2686 coena
196 2624 313 2704 pridem
341 2621 501 2685 invitatos?
547 2623 622 2685 Nam
649 2643 720 2685 sane
748 2631 778 2684 et
801 2623 991 2702 Epigramma
1014 2628 1098 2688 istud

76 2723 161 2777 tuum
185 2717 216 2774 in
236 2713 428 2792 Suspiciones
450 2720 568 2774 nostras
587 2712 670 2773 valde
688 2715 855 2793 opiparum,
873 2712 1046 2794 palatuiqne
1058 2710 1097 2802 (l)

76 2823 143 2866 meo
167 2805 289 2884 proprie
314 2809 394 2862 esset
417 2802 572 2882 irritando,
595 2804 655 2862 nisi
677 2804 767 2866 nimis
790 2820 879 2880 quam
896 2802 1026 2864 multum
1045 2805 1098 2866 ad-

76 2895 206 2955 didisses
230 2891 371 2954 sacchari.
413 2890 536 2953 Parcius
560 2893 659 2969 itaque
682 2890 805 2969 posthac
829 2893 861 2951 in
880 2909 962 2952 meas
981 2891 1098 2956 laudes.

77 2984 108 3044 Si
132 2983 219 3063 culpa
244 2999 344 3063 careo,
366 2980 444 3041 bene
470 2983 568 3059 agitur
590 2998 721 3060 mecum,
745 2981 797 3059 qui
819 2980 952 3041 nondum
976 2983 1010 3043 in
1033 2982 1099 3044 lllV

76 3073 224 3152 sedemus,
247 3070 357 3132 nedum
377 3076 410 3131 ut
429 3088 609 3148 occupemus
629 3068 821 3129 orchestram.
858 3069 1098 3152 Manuscriptum

75 3160 160 3222 illum
182 3153 360 3239 prioremUl
382 3159 461 3238 quod
481 3160 521 3217 ita
541 3160 650 3236 apertis
670 3157 771 3218 laudas
791 3157 886 3240 labiis,
910 3161 975 3221 iure
995 3161 1097 3222 lacere

77 3249 214 3310 arbitror.
251 3247 326 3307 Nam
350 3255 380 3308 et
402 3265 466 3327 ego,
490 3249 542 3325 qui
563 3246 694 3325 vulgatas
717 3246 875 3326 plerasque
894 3249 1008 3311 contuli
1027 3270 1098 3312 cum

76 3339 172 3417 ipsius
204 3334 327 3396 traduce
360 3335 520 3416 editiones,
554 3335 584 3396 id
616 3338 705 3396 nimis
739 3355 827 3415 quam
858 3345 998 3416 expertus
1029 3358 1098 3401 sum

76 3424 267 3506 gratulorque
301 3423 388 3504 mibi,
421 3427 486 3484 eius
518 3425 592 3484 mihi
623 3424 707 3485 brevi
739 3424 802 3486 lore
831 3428 955 3506 copiam.
1006 3426 1099 3491 Brevi

92 3532 204 3596 vqnmn,
229 3531 301 3574 111111
321 3515 412 3595 prius
438 3520 498 3576 stat
522 3513 679 3576 absolvere
701 3513 860 3574 Senecam.
897 3514 1015 3572 1111111
1032 3517 1104 3578 ille·¹
