2370 3840
126 167 168 230 74
558 166 578 221 Ι.
598 165 711 223 Gruteri

121 315 265 394 postridie
294 317 451 397 scriptum,
480 334 538 395 quo
566 317 650 395 prius
674 318 837 395 miseratis,
865 317 944 395 quod
968 306 1038 380 ante
1064 321 1139 382 duos

121 406 183 466 iere
211 423 329 465 menses
358 412 437 466 recte
461 406 535 465 mihi
558 412 693 465 curatum
716 406 779 465 init.
825 406 883 467 Pro
907 408 1061 486 superflua
1086 409 1140 470 hac

122 513 192 556 cura
228 496 335 554 merito
372 513 424 555 vos
460 512 526 554 amo
558 497 750 572 aestimoque.
795 493 903 556 Laetor
935 514 1056 576 quoque
1090 499 1139 558 ad·

120 584 241 644 modum
269 601 329 643 non
356 583 544 644 intercidisse
570 602 652 644 meas
675 583 740 643 illas
763 583 846 644 vobis
870 588 1072 648 communiter
1096 590 1141 648 in·

121 675 257 755 scriptas,
281 671 344 752 tibi,
367 675 497 753 inquam,
520 679 551 733 et
574 671 614 732 Cl.
638 672 709 732 lino.
732 671 897 755 Virdung03
921 677 948 734 si
971 678 1057 736 enirn
1078 695 1139 737 me·

119 765 203 843 mini,
222 765 339 823 inerant
356 760 507 841 nonnulla,
526 780 600 840 quae
620 757 810 845 propalam*)
828 769 892 823 tuto
911 781 971 823 non
991 764 1139 826 deberent

122 851 239 912 saeculo
258 859 318 912 tam
337 851 443 911 fucato.
476 850 514 910 Et
531 849 604 911 Duo.
620 850 740 929 quidem
755 850 906 930 Virdungo
924 854 984 913 iam
1004 856 1038 914 in
1057 863 1138 914 ante·

121 959 238 1002 cessum
266 941 408 1020 plurimas
436 940 483 1000 his
511 957 564 1018 ago
593 939 745 1018 debeoque
773 943 883 1018 gratias
910 959 965 1020 pro
995 946 1139 1023 carmine,

122 1049 179 1110 quo
203 1032 275 1091 item
298 1030 436 1108 dignatur
460 1047 565 1089 ornare
588 1027 771 1108 Epigraphas
794 1037 920 1090 nostras.
966 1030 1034 1093 Etsi
1057 1036 1138 1093 enim

120 1120 150 1180 id
179 1119 310 1180 nondum
336 1120 514 1198 receperim,
542 1117 617 1178 facio
641 1125 741 1178 tamur
764 1121 965 1180 coniecturam
989 1139 1029 1182 ex
1052 1141 1138 1200 prae·

119 1211 217 1269 teritis
249 1209 286 1268 de
318 1208 417 1268 tuturo
450 1225 546 1286 neque
580 1206 709 1287 ambigo,
748 1209 820 1285 quin
851 1210 910 1268 iam
942 1209 1061 1287 pridem
1096 1212 1139 1271 illi

119 1299 257 1376 petitioni
288 1304 390 1357 nostro
424 1296 609 1357 satisfecerit.
655 1295 702 1356 Dii
734 1303 848 1356 tantum
880 1297 971 1358 viales
1007 1299 1137 1361 laveant!

120 1387 156 1446 At
182 1386 251 1467 tibi,
283 1387 325 1445 mi
351 1385 545 1466 Rittershusi,
576 1384 645 1465 tibi,
673 1387 714 1445 mi
742 1384 887 1465 Piccarte,
916 1387 987 1464 quid
1017 1387 1138 1450 dicam?

120 1474 280 1554 Obligastis
312 1493 359 1535 me
391 1474 509 1535 vinculo
542 1492 601 1534 non
632 1472 764 1554 solubili,
797 1474 875 1552 quod
904 1477 944 1535 ita
972 1475 1137 1539 luculentis

119 1565 254 1625 versibus
283 1573 406 1624 conatus
432 1571 551 1624 nostros
574 1565 733 1641 prosecuti.
780 1562 896 1642 Exigite
919 1567 1012 1643 igitur
1037 1568 1137 1629 simile

120 1655 204 1735 quid,
233 1654 311 1733 quod
340 1654 496 1714 antidoron
523 1654 569 1712 sit.
615 1645 764 1730 Nuper-⁸⁵³
788 1653 909 1731 quidem
931 1657 1036 1714 nescio
1062 1676 1138 1735 quos

118 1743 281 1807 versiculos
309 1746 427 1822 utrique
456 1749 588 1803 vestrum
611 1743 776 1821 transmisi3
805 1741 857 1801 sed
886 1760 942 1802 nee
968 1744 1045 1804 mibi
1075 1745 1137 1824 pla-

120 1839 196 1911 cent,
217 1832 343 1909 ideoque
363 1833 432 1909 quei
451 1849 577 1910 sperem,
597 1837 630 1890 ut
648 1826 753 1890 vobis?
777 1829 862 1891 Nunc
880 1831 968 1892 huius
988 1837 1136 1912 temporis

119 1920 199 1980 aliud
223 1919 293 1997 quid
318 1922 484 1997 excogitare
508 1918 631 1980 electius
654 1937 714 1979 non
733 1922 909 1997 permittunt
932 1939 1037 2003 curae,
1062 1943 1137 2002 quas

119 2008 258 2087 impendo
276 2007 551 2068 Dissertatiunoulis
570 2008 682 2087 aliquot
700 2003 886 2069 Politieis354.
924 2008 1036 2080 Quidni
1055 2015 1137 2073 enim

119 2097 176 2158 tale
209 2096 319 2175 aliquid
348 2105 377 2156 et
404 2115 458 2175 ego
487 2096 614 2157 mediter
641 2115 786 2157 annorum
813 2093 856 2158 42
885 2098 947 2159 lere
976 2103 1092 2180 quique
1121 2121 1136 2162 a

118 2205 211 2267 puero
244 2204 388 2247 annornm
418 2183 458 2246 12
490 2192 573 2246 extra
601 2185 677 2246 lares
704 2188 817 2264 patrios
845 2189 1053 2266 peregrinatus
1083 2209 1138 2270 per

118 2284 209 2338 totam
237 2270 439 2356 Europam³⁵⁵,
472 2293 541 2335 cnm
569 2274 684 2334 videam
712 2275 844 2335 scribere
871 2276 993 2354 politica
1023 2298 1135 2356 pueros

118 2367 268 2427 imberbes
295 2373 326 2426 et
353 2367 404 2445 qui
431 2367 478 2425 vix
507 2371 720 2443 promoverunt
742 2365 849 2444 pedem
872 2383 907 2424 ex
931 2365 1002 2426 hara
1028 2386 1136 2446 paren·

117 2452 203 2515 tum?
248 2455 370 2515 Ferrem
399 2455 488 2535 iorte,
517 2455 543 2513 si
571 2452 606 2512 ab
635 2455 708 2532 ipsis
737 2453 869 2513 lontibus
892 2464 1083 2517 arcesserent
1107 2464 1136 2517 et

119 2550 256 2604 auctores
275 2545 355 2620 ipsos
371 2543 597 2605 consuluissent.
636 2542 692 2603 Sed
709 2539 801 2620 quid?
829 2537 1018 2624 Lipsium³³⁶,
1037 2544 1136 2606 Patri·

118 2634 207 2712 tium,
230 2630 385 2710 bodinum,
409 2624 662 2711 castellanom³⁵⁷,
684 2629 915 2711 Machiavellum,
939 2631 1135 2713 Admiratum,

117 2721 258 2782 Botorum
282 2719 449 2799 compilant.
495 2721 532 2780 Et
555 2727 624 2780 sunt
646 2726 745 2780 tamen
768 2719 918 2801 bomineS,
949 2722 1060 2799 quibus
1086 2722 1134 2783 illa

119 2810 263 2872 collaticia
301 2804 434 2892 stips**)
468 2828 557 2870 aurea
590 2809 719 2890 videtur,
752 2810 842 2868 immo
876 2828 1043 2888 gemmea„
1071 2812 1137 2872 Non

118 2900 248 2981 invideo,
277 2900 329 2959 sed
358 2901 459 2959 imitor
486 2901 585 2978 potius
613 2917 664 2959 ave
693 2899 794 2959 lorsan
821 2901 915 2977 magis
943 2899 1053 2982 fausta,
1085 2901 1135 2961 sed

117 2993 231 3050 ratione
259 2988 390 3049 meliore.
436 2987 545 3048 Verum
574 2987 609 3047 de
639 3006 673 3047 eo
703 3006 754 3047 vos
778 2987 957 3048 iudicabitis
1005 2989 1066 3049 Has
1090 2993 1134 3050 in·

119 3079 225 3158 clusas,
243 3081 284 3138 mi
298 3077 488 3157 llittershusi,
508 3079 534 3136 si
552 3085 633 3136 recte
653 3078 804 3136 curaveris
824 3076 859 3136 ad
876 3075 907 3136 D.
922 3072 1134 3139 Vaclrerum³⁵8

119 3174 149 3226 et
180 3167 318 3228 elicueris
350 3167 424 3226 mihi
452 3184 629 3244 responsum
657 3168 735 3225 intra
763 3183 896 3226 mensem
923 3184 1017 3227 unum
1046 3175 1134 3248 atque

119 3253 253 3335 alterum,
277 3255 388 3315 afficies
411 3273 458 3315 me
481 3254 626 3315 beneficio
651 3257 770 3332 ingenti.
809 3255 884 3315 Sunt
907 3256 987 3315 oraim
1012 3259 1065 3336 qui
1085 3257 1134 3318 ad·

184 3461 209 3530 *)
228 3457 293 3516 eoa,
308 3461 439 3532 propala.

155 3530 197 3604 *⁴9
217 3529 285 3590 Ood,
307 3535 405 3607 stapes.
