2370 3840
119 155 164 220 24
462 152 532 209 Eob.
550 149 634 207 Hessi
653 147 791 222 epistolae

120 304 274 366 molestior
297 321 363 364 esse
382 303 524 383 desinam,
548 305 659 382 optime
677 301 865 383 Hieronymo.
898 303 1089 386 Quamquam
1106 309 1139 369 ad

120 395 194 455 haec
222 395 343 454 interim
371 392 480 473 ollicia,
513 391 621 470 quibus
650 409 697 452 me
726 410 897 475 conservas,
930 401 962 454 et
990 413 1066 474 opes
1088 396 1138 457 tibi

122 485 239 565 adesse,
267 485 399 543 animum
427 483 515 542 etiam
544 499 701 561 superesse
729 488 811 542 certo
840 484 911 543 scio.
958 483 1033 546 Peto
1064 504 1138 547 nmrc

122 592 249 655 quoque,
267 580 301 633 ut
319 590 412 633 unum
430 573 617 631 victoriatum
635 573 745 651 mittas,
769 589 827 650 quo
846 589 902 651 ego
925 574 959 633 in
977 572 1138 636 domestica

121 681 154 723 re
173 682 253 724 nune
272 662 404 741 indigeo,
427 662 596 739 proximum
615 658 768 741 debebam,
792 679 881 740 quem
904 668 935 722 et
953 663 1064 746 exolvi,
1086 665 1137 725 hoc

122 753 195 813 mihi
219 771 294 832 opus
317 757 370 811 est.
416 748 500 809 Mitto
523 749 652 828 Philippi
680 756 710 809 et
732 749 876 828 Spalatini
903 748 1007 813 literas
1036 753 1073 814 ad
1102 761 1139 834 tc,

122 850 155 902 ut
178 842 278 902 videas
303 837 391 900 simul
414 845 444 898 et
466 857 513 898 me
538 856 646 918 cupere
670 837 771 898 videre
795 840 851 900 ista
874 841 995 901 comitia
1020 850 1052 903 et
1074 843 1138 903 Phi·

122 931 235 1010 lippum
259 930 295 991 de
319 947 384 989 mea
408 947 496 989 causa
519 945 585 988 esse
605 921 809 1009 sollicitum⁸⁹,
832 946 902 989 nam
920 929 976 990 hac
994 939 1082 1009 parte
1104 931 1137 992 ad

121 1028 151 1080 te
167 1038 283 1099 quoque
302 1020 453 1097 pertinent
471 1018 526 1077 hae
544 1016 674 1097 litterae3
693 1016 845 1078 octiduum
865 1019 1010 1098 estquod
1031 1023 1137 1100 accepi

121 1109 279 1170 Praeterea
311 1109 458 1166 miserunt
490 1106 655 1184 catalogum
688 1109 821 1166 omnium
852 1109 1025 1188 principum
1062 1128 1138 1172 nunc

122 1198 270 1276 Augustae
290 1195 445 1256 Caesarem
465 1197 685 1274 expectantium
703 1202 733 1256 et
752 1195 824 1274 quid
843 1197 908 1275 spei
926 1197 1080 1277 reliquum
1094 1202 1139 1280 sit,

123 1305 212 1365 quem
240 1288 329 1345 etiam
351 1283 391 1343 lo.
419 1276 540 1363 ΜΥΙίο90
570 1284 772 1345 iureconsulto
801 1285 883 1367 dedi,
914 1286 965 1365 qui
993 1295 1025 1348 et
1053 1289 1138 1349 hodie

122 1377 268 1454 remittct3
300 1372 410 1451 alioqui
443 1381 473 1433 et
500 1375 591 1434 istum
618 1375 768 1434 misissem
796 1376 958 1456 missurus,
991 1378 1019 1437 si
1051 1377 1138 1459 voles,

123 1483 199 1525 cras.
245 1462 322 1524 Vale.

169 1566 459 1656 (Norimbergae,
482 1569 558 1631 Maio
582 1568 628 1630 vel
650 1568 735 1630 lunio
762 1563 872 1653 1530).

835 1677 929 1739 Tuus
952 1677 1098 1741 Hessus.

285 1938 338 2008 22.
368 1938 449 2008 ilci.
472 1939 591 2007 Hessos
613 1938 698 2007 Phil.
720 1937 981 2010 Melanchthoni.

124 2080 348 2150 Euphordiae.
947 2089 971 2140 1.
991 2083 1044 2141 lul.
1065 2090 1139 2140 1533.

190 2176 222 2237 D.
251 2175 387 2255 Philippo
410 2174 631 2236 Melanchthoni
661 2179 726 2237 viro
759 2196 888 2261 summo,
921 2181 1016 2240 amico
1051 2184 1139 2242 caris-

125 2270 199 2329 simo
224 2285 286 2328 suo.

191 2357 219 2417 S.
251 2355 387 2417 Rediisse
415 2374 462 2416 me
490 2349 702 2434 Ephordiam⁹¹
730 2357 818 2416 credo
847 2356 997 2418 audivisse
1024 2367 1071 2440 te,
1100 2363 1140 2421 mi

122 2445 272 2526 Philippe,
295 2453 325 2505 et
343 2445 490 2525 intelliges
511 2463 546 2506 ex
566 2452 668 2505 nostro
687 2440 909 2528 Veltiirchio⁹²‚
933 2449 986 2526 qui
1004 2448 1059 2509 has
1078 2449 1140 2530 tibi,

122 2541 157 2593 ut
180 2535 331 2613 existimo,
353 2534 492 2595 reddidit.
537 2533 619 2594 Idem
641 2552 711 2594 vero
734 2533 790 2594 tibi
813 2543 941 2614 exponet
965 2536 1001 2597 de
1026 2538 1140 2618 reliqua

123 2640 190 2683 mea
212 2621 338 2682 lortuna.
385 2621 447 2693 Qua
471 2616 674 2683 conditione⁹³
697 2624 773 2703 apud
797 2623 922 2686 Noricos
949 2629 1080 2710 egerim,
1109 2637 1141 2689 tu

90 2738 92 2742 ’
123 2712 262 2791 inprimis
285 2711 373 2790 nosti,
398 2713 449 2790 qui
471 2712 541 2792 tuis,
565 2712 643 2790 quod
667 2712 784 2794 dicitur,
807 2713 945 2775 manibus
964 2733 1000 2775 eo
1019 2734 1069 2778 me
1088 2719 1140 2778 im·

122 2792 291 2882 posuisti94.
328 2798 416 2861 Inviti
438 2819 486 2860 me
510 2801 688 2862 dimiserunt
707 2804 811 2881 optimi
828 2805 885 2863 viri
904 2803 1142 2885 Norihergenses

123 2892 242 2969 meique
267 2936 274 2949 .
299 2881 345 2972 .*)
375 2897 405 2949 et
427 2892 472 2950 tui
499 2893 704 2951 amantissimi.
759 2890 915 2952 Neminem
943 2892 987 2953 ihi
1014 2894 1142 2976 hostem,

124 2998 228 3040 omnes
251 2980 362 3039 amicos
386 2979 502 3060 reliqui.
548 2979 652 3040 Conati
675 2980 831 3060 aliquoties
855 2989 924 3042 sunt
943 2984 1076 3046 retinere
1095 3002 1141 3045 mc

125 3075 210 3130 aucto
234 3071 325 3130 etiam
349 3068 454 3130 salario
478 3063 616 3149 annuo⁹⁵,
640 3071 717 3130 sicut
740 3072 830 3130 etiam
849 3078 972 3133 conatus
996 3081 1044 3134 est
1068 3076 1142 3154 opti-

125 3175 191 3217 mus
205 3165 275 3217 tuus
294 3160 435 3238 princeps
454 3157 672 3236 Vitemhergam
691 3176 738 3218 me
756 3160 939 3241 pertrahere,
959 3163 1008 3221 cui
1026 3166 1143 3224 utinam

126 3243 251 3323 obsequi
269 3246 446 3325 potuissem!
471 3247 529 3307 Sed
550 3247 620 3326 quid
640 3245 793 3309 lacerem?
815 3248 888 3309 Data
906 3252 966 3310 iam
984 3249 1062 3312 fides
1081 3260 1145 3313 erat

123 3333 194 3393 huic
218 3335 339 3415 civitati,
363 3354 437 3413 quae
462 3338 573 3415 scripto
596 3335 715 3415 publico
739 3346 909 3399 revocatum
931 3357 980 3398 me
1004 3341 1067 3400 iam
1086 3341 1144 3402 sibi

196 3523 222 3592 s)
241 3521 337 3578 Codex
352 3521 409 3578 lroc
426 3486 491 3579 loco
509 3523 644 3580 lacunam
659 3524 765 3594 haben
779 3544 808 3582 u.
824 3526 1042 3595 praelationem.
