<?xml version="1.0" encoding="UTF-8"?>
<!DOCTYPE html PUBLIC "-//W3C//DTD XHTML 1.0 Transitional//EN"
    "http://www.w3.org/TR/xhtml1/DTD/xhtml1-transitional.dtd">
<html xmlns="http://www.w3.org/1999/xhtml" xml:lang="en" lang="en">
 <head>
  <title>
</title>
<meta http-equiv="Content-Type" content="text/html;charset=utf-8" />
  <meta name='ocr-system' content='tesseract 3.04.00' />
  <meta name='ocr-capabilities' content='ocr_page ocr_carea ocr_par ocr_line ocrx_word'/>
</head>
<body>
  <div class='ocr_page' id='page_1' title='image "./virorumclarorum00meligoog_0068.png"; bbox 0 0 2370 3840; ppageno 0'>
   <div class='ocr_carea' id='block_1_1' title="bbox 512 167 1082 238">
    <p class='ocr_par' dir='ltr' id='par_1_1' title="bbox 512 167 1082 238">
     <span class='ocr_line' id='line_1_1' title="bbox 512 167 1082 238; baseline 0.004 -16"><span class='ocrx_word' id='word_1_1' title='bbox 512 167 648 238; x_wconf 82' lang='lat' dir='ltr'><strong>epistolae</strong></span> <span class='ocrx_word' id='word_1_2' title='bbox 831 222 835 233; x_wconf 87' lang='grc'>,</span> <span class='ocrx_word' id='word_1_3' title='bbox 1041 169 1082 233; x_wconf 81' lang='lat'><strong>51</strong></span> 
     </span>
    </p>
   </div>
   <div class='ocr_carea' id='block_1_2' title="bbox 267 361 878 435">
    <p class='ocr_par' dir='ltr' id='par_1_2' title="bbox 267 361 878 435">
     <span class='ocr_line' id='line_1_2' title="bbox 267 361 878 435; baseline 0.005 -4"><span class='ocrx_word' id='word_1_4' title='bbox 267 361 322 433; x_wconf 81' lang='lat' dir='ltr'><strong>td.</strong></span> <span class='ocrx_word' id='word_1_5' title='bbox 355 365 380 433; x_wconf 90' lang='grc' dir='ltr'><strong>Ι.</strong></span> <span class='ocrx_word' id='word_1_6' title='bbox 406 365 566 435; x_wconf 75' lang='lat' dir='ltr'><strong>Gruterus</strong></span> <span class='ocrx_word' id='word_1_7' title='bbox 589 367 621 435; x_wconf 82' lang='lat' dir='ltr'><strong>d.</strong></span> <span class='ocrx_word' id='word_1_8' title='bbox 644 367 878 434; x_wconf 87' lang='lat' dir='ltr'><strong>Rittersbusio.</strong></span> 
     </span>
    </p>
   </div>
   <div class='ocr_carea' id='block_1_3' title="bbox 62 446 1082 559">
    <p class='ocr_par' dir='ltr' id='par_1_3' title="bbox 62 446 1082 559">
     <span class='ocr_line' id='line_1_3' title="bbox 62 446 1082 559; baseline 0.002 -16"><span class='ocrx_word' id='word_1_9' title='bbox 62 488 333 559; x_wconf 83' lang='lat' dir='ltr'><strong>Heidelbergae.</strong></span> <span class='ocrx_word' id='word_1_10' title='bbox 430 523 434 531; x_wconf 88' lang='lat'><em>-</em></span> <span class='ocrx_word' id='word_1_11' title='bbox 800 495 842 544; x_wconf 77' lang='lat'><strong>17.</strong></span> <span class='ocrx_word' id='word_1_12' title='bbox 861 489 942 544; x_wconf 86' lang='lat' dir='ltr'><strong>Febr.</strong></span> <span class='ocrx_word' id='word_1_13' title='bbox 963 446 1082 545; x_wconf 62' lang='lat' dir='ltr'><strong>1b96²³i</strong></span> 
     </span>
    </p>
   </div>
   <div class='ocr_carea' id='block_1_4' title="bbox 55 583 1085 3430">
    <p class='ocr_par' dir='ltr' id='par_1_4' title="bbox 55 583 1085 3430">
     <span class='ocr_line' id='line_1_4' title="bbox 137 583 1084 666; baseline 0.001 -22"><span class='ocrx_word' id='word_1_14' title='bbox 137 584 165 645; x_wconf 92' lang='lat' dir='ltr'><strong>S.</strong></span> <span class='ocrx_word' id='word_1_15' title='bbox 185 584 215 645; x_wconf 91' lang='lat' dir='ltr'><strong>P.</strong></span> <span class='ocrx_word' id='word_1_16' title='bbox 251 583 339 665; x_wconf 79' lang='lat' dir='ltr'><strong>Tuas,</strong></span> <span class='ocrx_word' id='word_1_17' title='bbox 372 583 480 663; x_wconf 89' lang='lat' dir='ltr'><strong>quibus</strong></span> <span class='ocrx_word' id='word_1_18' title='bbox 513 585 680 664; x_wconf 89' lang='lat' dir='ltr'><strong>adscriptus</strong></span> <span class='ocrx_word' id='word_1_19' title='bbox 709 584 807 645; x_wconf 88' lang='lat' dir='ltr'><strong>XXIV.</strong></span> <span class='ocrx_word' id='word_1_20' title='bbox 835 584 986 666; x_wconf 87' lang='lat' dir='ltr'><strong>Decemb,</strong></span> <span class='ocrx_word' id='word_1_21' title='bbox 1018 585 1084 645; x_wconf 90' lang='lat' dir='ltr'><strong>heri</strong></span> 
     </span>
     <span class='ocr_line' id='line_1_5' title="bbox 66 672 1083 754; baseline -0.002 -18"><span class='ocrx_word' id='word_1_22' title='bbox 66 676 190 736; x_wconf 89' lang='lat' dir='ltr'><strong>demum</strong></span> <span class='ocrx_word' id='word_1_23' title='bbox 209 672 317 734; x_wconf 91' lang='lat' dir='ltr'><strong>obtulit</strong></span> <span class='ocrx_word' id='word_1_24' title='bbox 334 675 534 735; x_wconf 88' lang='lat' dir='ltr'><strong>amicissimus</strong></span> <span class='ocrx_word' id='word_1_25' title='bbox 552 676 709 754; x_wconf 88' lang='lat' dir='ltr'><strong>utriusque</strong></span> <span class='ocrx_word' id='word_1_26' title='bbox 728 681 864 735; x_wconf 90' lang='lat' dir='ltr'><strong>nostrum</strong></span> <span class='ocrx_word' id='word_1_27' title='bbox 883 672 915 734; x_wconf 87' lang='lat' dir='ltr'><strong>D.</strong></span> <span class='ocrx_word' id='word_1_28' title='bbox 933 673 1083 735; x_wconf 88' lang='lat' dir='ltr'><strong>Freherus</strong></span> 
     </span>
     <span class='ocr_line' id='line_1_6' title="bbox 66 757 1084 844; baseline -0.002 -19"><span class='ocrx_word' id='word_1_29' title='bbox 66 764 210 843; x_wconf 82' lang='lat' dir='ltr'>deditque</span> <span class='ocrx_word' id='word_1_30' title='bbox 235 770 265 823; x_wconf 89' lang='lat' dir='ltr'><strong>et</strong></span> <span class='ocrx_word' id='word_1_31' title='bbox 288 762 380 823; x_wconf 89' lang='lat' dir='ltr'><strong>adse</strong></span> <span class='ocrx_word' id='word_1_32' title='bbox 403 769 469 823; x_wconf 89' lang='lat' dir='ltr'><strong>tuas</strong></span> <span class='ocrx_word' id='word_1_33' title='bbox 493 757 647 844; x_wconf 84' lang='lat' dir='ltr'><strong>legendas,</strong></span> <span class='ocrx_word' id='word_1_34' title='bbox 675 763 783 842; x_wconf 90' lang='lat' dir='ltr'><strong>quibus</strong></span> <span class='ocrx_word' id='word_1_35' title='bbox 811 766 854 823; x_wconf 91' lang='lat' dir='ltr'><strong>sic</strong></span> <span class='ocrx_word' id='word_1_36' title='bbox 882 765 1010 823; x_wconf 88' lang='lat' dir='ltr'><strong>strictim</strong></span> <span class='ocrx_word' id='word_1_37' title='bbox 1037 782 1084 823; x_wconf 87' lang='lat' dir='ltr'><strong>re-</strong></span> 
     </span>
     <span class='ocr_line' id='line_1_7' title="bbox 64 850 1083 934; baseline -0.001 -20"><span class='ocrx_word' id='word_1_38' title='bbox 64 852 229 934; x_wconf 83' lang='lat' dir='ltr'><strong>spondebo.</strong></span> <span class='ocrx_word' id='word_1_39' title='bbox 265 851 522 912; x_wconf 89' lang='lat' dir='ltr'><strong>Intermissionem</strong></span> <span class='ocrx_word' id='word_1_40' title='bbox 541 850 695 913; x_wconf 87' lang='lat' dir='ltr'><strong>literarum</strong></span> <span class='ocrx_word' id='word_1_41' title='bbox 713 855 745 913; x_wconf 92' lang='lat' dir='ltr'><strong>in</strong></span> <span class='ocrx_word' id='word_1_42' title='bbox 767 851 848 913; x_wconf 88' lang='lat' dir='ltr'><strong>nullo</strong></span> <span class='ocrx_word' id='word_1_43' title='bbox 868 851 943 912; x_wconf 92' lang='lat' dir='ltr'><strong>duco</strong></span> <span class='ocrx_word' id='word_1_44' title='bbox 968 853 1083 914; x_wconf 90' lang='lat' dir='ltr'><strong>damno.</strong></span> 
     </span>
     <span class='ocr_line' id='line_1_8' title="bbox 64 941 1084 1022; baseline -0.001 -19"><span class='ocrx_word' id='word_1_45' title='bbox 64 943 157 1003; x_wconf 82' lang='lat' dir='ltr'>Fides</span> <span class='ocrx_word' id='word_1_46' title='bbox 179 959 307 1021; x_wconf 90' lang='lat' dir='ltr'><strong>namque</strong></span> <span class='ocrx_word' id='word_1_47' title='bbox 336 942 483 1002; x_wconf 80' lang='lat' dir='ltr'><strong>amicitiae</strong></span> <span class='ocrx_word' id='word_1_48' title='bbox 509 943 640 1021; x_wconf 83' lang='lat' dir='ltr'><strong>pectoris</strong></span> <span class='ocrx_word' id='word_1_49' title='bbox 668 941 811 1020; x_wconf 86' lang='lat' dir='ltr'><strong>religione</strong></span> <span class='ocrx_word' id='word_1_50' title='bbox 836 949 988 1022; x_wconf 81' lang='lat' dir='ltr'><strong>censetur3</strong></span> <span class='ocrx_word' id='word_1_51' title='bbox 1019 960 1084 1002; x_wconf 90' lang='lat' dir='ltr'><strong>eam</strong></span> 
     </span>
     <span class='ocr_line' id='line_1_9' title="bbox 65 1030 1083 1112; baseline -0.003 -18"><span class='ocrx_word' id='word_1_52' title='bbox 65 1050 136 1094; x_wconf 85' lang='lat' dir='ltr'><strong>cum</strong></span> <span class='ocrx_word' id='word_1_53' title='bbox 155 1031 232 1111; x_wconf 91' lang='lat' dir='ltr'><strong>apud</strong></span> <span class='ocrx_word' id='word_1_54' title='bbox 251 1038 280 1092; x_wconf 89' lang='lat' dir='ltr'><strong>te</strong></span> <span class='ocrx_word' id='word_1_55' title='bbox 299 1033 399 1109; x_wconf 84' lang='lat' dir='ltr'><strong>vigore</strong></span> <span class='ocrx_word' id='word_1_56' title='bbox 419 1030 556 1112; x_wconf 82' lang='lat' dir='ltr'><strong>arbitrer,</strong></span> <span class='ocrx_word' id='word_1_57' title='bbox 580 1032 789 1092; x_wconf 78' lang='lat' dir='ltr'><strong>securissimus</strong></span> <span class='ocrx_word' id='word_1_58' title='bbox 809 1050 883 1093; x_wconf 88' lang='lat' dir='ltr'><strong>sum.</strong></span> <span class='ocrx_word' id='word_1_59' title='bbox 915 1031 1017 1111; x_wconf 87' lang='lat' dir='ltr'><strong>ltaque</strong></span> <span class='ocrx_word' id='word_1_60' title='bbox 1037 1030 1083 1091; x_wconf 88' lang='lat' dir='ltr'><strong>vel</strong></span> 
     </span>
     <span class='ocr_line' id='line_1_10' title="bbox 64 1118 1085 1201; baseline -0.005 -17"><span class='ocrx_word' id='word_1_61' title='bbox 64 1139 148 1184; x_wconf 89' lang='lat' dir='ltr'><strong>nunc</strong></span> <span class='ocrx_word' id='word_1_62' title='bbox 161 1123 282 1199; x_wconf 70' lang='lat' dir='ltr'><strong>&#39;gratias</strong></span> <span class='ocrx_word' id='word_1_63' title='bbox 305 1138 368 1201; x_wconf 82' lang='lat' dir='ltr'><strong>ago,</strong></span> <span class='ocrx_word' id='word_1_64' title='bbox 393 1118 471 1199; x_wconf 92' lang='lat' dir='ltr'><strong>quod</strong></span> <span class='ocrx_word' id='word_1_65' title='bbox 495 1137 543 1180; x_wconf 90' lang='lat' dir='ltr'><strong>me</strong></span> <span class='ocrx_word' id='word_1_66' title='bbox 566 1122 633 1180; x_wconf 88' lang='lat' dir='ltr'><strong>istis</strong></span> <span class='ocrx_word' id='word_1_67' title='bbox 657 1119 778 1182; x_wconf 89' lang='lat' dir='ltr'><strong>demum</strong></span> <span class='ocrx_word' id='word_1_68' title='bbox 800 1121 1002 1181; x_wconf 81' lang='lat' dir='ltr'><strong>honoraveris</strong></span> <span class='ocrx_word' id='word_1_69' title='bbox 1048 1120 1085 1180; x_wconf 76' lang='lat' dir='ltr'><strong>lt</strong></span> 
     </span>
     <span class='ocr_line' id='line_1_11' title="bbox 63 1209 1082 1291; baseline -0.003 -20"><span class='ocrx_word' id='word_1_70' title='bbox 63 1228 170 1271; x_wconf 87' lang='lat' dir='ltr'><strong>versus</strong></span> <span class='ocrx_word' id='word_1_71' title='bbox 193 1211 239 1270; x_wconf 91' lang='lat' dir='ltr'><strong>tui</strong></span> <span class='ocrx_word' id='word_1_72' title='bbox 261 1210 454 1289; x_wconf 90' lang='lat' dir='ltr'><strong>praeconium</strong></span> <span class='ocrx_word' id='word_1_73' title='bbox 471 1226 572 1269; x_wconf 90' lang='lat' dir='ltr'><strong>meum</strong></span> <span class='ocrx_word' id='word_1_74' title='bbox 590 1211 655 1270; x_wconf 87' lang='lat' dir='ltr'><strong>iure</strong></span> <span class='ocrx_word' id='word_1_75' title='bbox 675 1228 729 1271; x_wconf 87' lang='lat' dir='ltr'><strong>suo</strong></span> <span class='ocrx_word' id='word_1_76' title='bbox 748 1209 957 1291; x_wconf 82' lang='lat' dir='ltr'><strong>merebuntur,</strong></span> <span class='ocrx_word' id='word_1_77' title='bbox 979 1216 1009 1270; x_wconf 91' lang='lat' dir='ltr'><strong>et</strong></span> <span class='ocrx_word' id='word_1_78' title='bbox 1027 1227 1082 1269; x_wconf 88' lang='lat' dir='ltr'><strong>nae</strong></span> 
     </span>
     <span class='ocr_line' id='line_1_12' title="bbox 63 1298 1083 1379; baseline -0.005 -17"><span class='ocrx_word' id='word_1_79' title='bbox 63 1309 100 1362; x_wconf 89' lang='lat' dir='ltr'><strong>tu</strong></span> <span class='ocrx_word' id='word_1_80' title='bbox 125 1299 223 1360; x_wconf 89' lang='lat' dir='ltr'><strong>studio</strong></span> <span class='ocrx_word' id='word_1_81' title='bbox 246 1301 367 1379; x_wconf 91' lang='lat' dir='ltr'><strong>iniquus</strong></span> <span class='ocrx_word' id='word_1_82' title='bbox 394 1315 428 1358; x_wconf 89' lang='lat' dir='ltr'><strong>es</strong></span> <span class='ocrx_word' id='word_1_83' title='bbox 456 1300 488 1358; x_wconf 94' lang='lat' dir='ltr'><strong>in</strong></span> <span class='ocrx_word' id='word_1_84' title='bbox 516 1304 597 1358; x_wconf 89' lang='lat' dir='ltr'><strong>tuam</strong></span> <span class='ocrx_word' id='word_1_85' title='bbox 624 1298 747 1377; x_wconf 90' lang='lat' dir='ltr'><strong>prolem.</strong></span> <span class='ocrx_word' id='word_1_86' title='bbox 793 1299 855 1379; x_wconf 83' lang='lat' dir='ltr'><strong>Ego</strong></span> <span class='ocrx_word' id='word_1_87' title='bbox 883 1299 979 1360; x_wconf 90' lang='lat' dir='ltr'><strong>adhuc</strong></span> <span class='ocrx_word' id='word_1_88' title='bbox 1007 1298 1083 1358; x_wconf 83' lang='lat' dir='ltr'><strong>vale-</strong></span> 
     </span>
     <span class='ocr_line' id='line_1_13' title="bbox 66 1387 1082 1470; baseline -0.004 -19"><span class='ocrx_word' id='word_1_89' title='bbox 66 1389 170 1452; x_wconf 86' lang='lat' dir='ltr'><strong>tudine</strong></span> <span class='ocrx_word' id='word_1_90' title='bbox 193 1394 271 1470; x_wconf 85' lang='lat' dir='ltr'><strong>utor,</strong></span> <span class='ocrx_word' id='word_1_91' title='bbox 294 1406 352 1468; x_wconf 89' lang='lat' dir='ltr'><strong>qua</strong></span> <span class='ocrx_word' id='word_1_92' title='bbox 375 1387 500 1468; x_wconf 85' lang='lat' dir='ltr'><strong>dudum,</strong></span> <span class='ocrx_word' id='word_1_93' title='bbox 533 1387 625 1448; x_wconf 83' lang='lat' dir='ltr'><strong>inacta</strong></span> <span class='ocrx_word' id='word_1_94' title='bbox 652 1408 759 1469; x_wconf 89' lang='lat' dir='ltr'><strong>nempe</strong></span> <span class='ocrx_word' id='word_1_95' title='bbox 787 1397 817 1450; x_wconf 90' lang='lat' dir='ltr'><strong>et</strong></span> <span class='ocrx_word' id='word_1_96' title='bbox 840 1390 978 1469; x_wconf 86' lang='lat' dir='ltr'><strong>molesta,</strong></span> <span class='ocrx_word' id='word_1_97' title='bbox 1002 1388 1082 1448; x_wconf 89' lang='lat' dir='ltr'><strong>vide-</strong></span> 
     </span>
     <span class='ocr_line' id='line_1_14' title="bbox 65 1477 1084 1557; baseline -0.002 -18"><span class='ocrx_word' id='word_1_98' title='bbox 65 1486 176 1557; x_wconf 89' lang='lat' dir='ltr'><strong>turque</strong></span> <span class='ocrx_word' id='word_1_99' title='bbox 196 1477 318 1539; x_wconf 90' lang='lat' dir='ltr'><strong>morbus</strong></span> <span class='ocrx_word' id='word_1_100' title='bbox 341 1495 401 1537; x_wconf 94' lang='lat' dir='ltr'><strong>non</strong></span> <span class='ocrx_word' id='word_1_101' title='bbox 425 1494 600 1537; x_wconf 85' lang='lat' dir='ltr'><strong>recessurus</strong></span> <span class='ocrx_word' id='word_1_102' title='bbox 623 1486 691 1538; x_wconf 89' lang='lat' dir='ltr'><strong>ante</strong></span> <span class='ocrx_word' id='word_1_103' title='bbox 714 1479 831 1539; x_wconf 91' lang='lat' dir='ltr'><strong>Maium.</strong></span> <span class='ocrx_word' id='word_1_104' title='bbox 877 1477 961 1538; x_wconf 89' lang='lat' dir='ltr'><strong>Unde</strong></span> <span class='ocrx_word' id='word_1_105' title='bbox 985 1478 1027 1557; x_wconf 82' lang='lat' dir='ltr'><strong>fit,</strong></span> <span class='ocrx_word' id='word_1_106' title='bbox 1050 1483 1084 1537; x_wconf 87' lang='lat' dir='ltr'><strong>ut</strong></span> 
     </span>
     <span class='ocr_line' id='line_1_15' title="bbox 65 1565 1083 1648; baseline -0.006 -19"><span class='ocrx_word' id='word_1_107' title='bbox 65 1586 123 1629; x_wconf 88' lang='lat' dir='ltr'><strong>nec</strong></span> <span class='ocrx_word' id='word_1_108' title='bbox 146 1567 240 1628; x_wconf 88' lang='lat' dir='ltr'><strong>Musis</strong></span> <span class='ocrx_word' id='word_1_109' title='bbox 262 1585 319 1628; x_wconf 92' lang='lat' dir='ltr'><strong>nec</strong></span> <span class='ocrx_word' id='word_1_110' title='bbox 341 1566 463 1627; x_wconf 80' lang='lat' dir='ltr'><strong>Musiris</strong></span> <span class='ocrx_word' id='word_1_111' title='bbox 486 1565 572 1626; x_wconf 88' lang='lat' dir='ltr'><strong>lacile</strong></span> <span class='ocrx_word' id='word_1_112' title='bbox 595 1585 705 1648; x_wconf 83' lang='lat' dir='ltr'><strong>vacem,</strong></span> <span class='ocrx_word' id='word_1_113' title='bbox 727 1567 838 1627; x_wconf 92' lang='lat' dir='ltr'><strong>nedum</strong></span> <span class='ocrx_word' id='word_1_114' title='bbox 860 1565 1012 1626; x_wconf 86' lang='lat' dir='ltr'><strong>Plautinae</strong></span> <span class='ocrx_word' id='word_1_115' title='bbox 1035 1583 1083 1624; x_wconf 93' lang='lat' dir='ltr'><strong>me</strong></span> 
     </span>
     <span class='ocr_line' id='line_1_16' title="bbox 64 1655 1083 1736; baseline -0.004 -19"><span class='ocrx_word' id='word_1_116' title='bbox 64 1658 134 1718; x_wconf 90' lang='lat' dir='ltr'><strong>dem</strong></span> <span class='ocrx_word' id='word_1_117' title='bbox 159 1657 379 1736; x_wconf 85' lang='lat' dir='ltr'><strong>comparationi.</strong></span> <span class='ocrx_word' id='word_1_118' title='bbox 417 1655 449 1715; x_wconf 93' lang='lat' dir='ltr'><strong>Si</strong></span> <span class='ocrx_word' id='word_1_119' title='bbox 467 1656 559 1734; x_wconf 84' lang='lat' dir='ltr'><strong>igitur</strong></span> <span class='ocrx_word' id='word_1_120' title='bbox 583 1658 699 1716; x_wconf 87' lang='lat' dir='ltr'><strong>occasio</strong></span> <span class='ocrx_word' id='word_1_121' title='bbox 719 1663 773 1736; x_wconf 82' lang='lat' dir='ltr'><strong>est,</strong></span> <span class='ocrx_word' id='word_1_122' title='bbox 797 1674 906 1734; x_wconf 90' lang='lat' dir='ltr'><strong>quaeso</strong></span> <span class='ocrx_word' id='word_1_123' title='bbox 925 1664 955 1715; x_wconf 91' lang='lat' dir='ltr'><strong>te</strong></span> <span class='ocrx_word' id='word_1_124' title='bbox 974 1671 1083 1714; x_wconf 82' lang='lat' dir='ltr'><strong>excusa</strong></span> 
     </span>
     <span class='ocr_line' id='line_1_17' title="bbox 63 1737 1081 1826; baseline -0.004 -20"><span class='ocrx_word' id='word_1_125' title='bbox 63 1764 113 1806; x_wconf 92' lang='lat' dir='ltr'><strong>me</strong></span> <span class='ocrx_word' id='word_1_126' title='bbox 137 1744 330 1826; x_wconf 81' lang='lat' dir='ltr'><strong>Camerariis,</strong></span> <span class='ocrx_word' id='word_1_127' title='bbox 358 1744 437 1823; x_wconf 94' lang='lat' dir='ltr'><strong>quod</strong></span> <span class='ocrx_word' id='word_1_128' title='bbox 464 1751 525 1804; x_wconf 92' lang='lat' dir='ltr'><strong>tam</strong></span> <span class='ocrx_word' id='word_1_129' title='bbox 553 1745 605 1805; x_wconf 92' lang='lat' dir='ltr'><strong>diu</strong></span> <span class='ocrx_word' id='word_1_130' title='bbox 629 1745 718 1806; x_wconf 86' lang='lat' dir='ltr'><strong>Codd.</strong></span> <span class='ocrx_word' id='word_1_131' title='bbox 747 1747 882 1824; x_wconf 90' lang='lat' dir='ltr'><strong>ipsorum</strong></span> <span class='ocrx_word' id='word_1_132' title='bbox 908 1737 1081 1804; x_wconf 57' lang='lat' dir='ltr'><strong>mecumm.</strong></span> 
     </span>
     <span class='ocr_line' id='line_1_18' title="bbox 64 1833 1081 1916; baseline -0.004 -20"><span class='ocrx_word' id='word_1_133' title='bbox 64 1834 278 1896; x_wconf 87' lang='lat' dir='ltr'><strong>Custodientur</strong></span> <span class='ocrx_word' id='word_1_134' title='bbox 291 1840 391 1894; x_wconf 87' lang='lat' dir='ltr'><strong>tamen</strong></span> <span class='ocrx_word' id='word_1_135' title='bbox 409 1833 516 1913; x_wconf 91' lang='lat' dir='ltr'><strong>pudice</strong></span> <span class='ocrx_word' id='word_1_136' title='bbox 532 1840 561 1894; x_wconf 91' lang='lat' dir='ltr'><strong>et</strong></span> <span class='ocrx_word' id='word_1_137' title='bbox 576 1834 713 1916; x_wconf 87' lang='lat' dir='ltr'><strong>fideliter,</strong></span> <span class='ocrx_word' id='word_1_138' title='bbox 732 1833 872 1913; x_wconf 89' lang='lat' dir='ltr'><strong>soleoque</strong></span> <span class='ocrx_word' id='word_1_139' title='bbox 891 1835 966 1896; x_wconf 83' lang='lat' dir='ltr'><strong>meis</strong></span> <span class='ocrx_word' id='word_1_140' title='bbox 985 1835 1081 1892; x_wconf 89' lang='lat' dir='ltr'><strong>visen·</strong></span> 
     </span>
     <span class='ocr_line' id='line_1_19' title="bbox 62 1922 1081 1985; baseline -0.001 -1"><span class='ocrx_word' id='word_1_141' title='bbox 62 1924 145 1985; x_wconf 90' lang='lat' dir='ltr'><strong>tibus</strong></span> <span class='ocrx_word' id='word_1_142' title='bbox 179 1922 338 1984; x_wconf 87' lang='lat' dir='ltr'><strong>ostendere</strong></span> <span class='ocrx_word' id='word_1_143' title='bbox 370 1941 427 1984; x_wconf 90' lang='lat' dir='ltr'><strong>ceu</strong></span> <span class='ocrx_word' id='word_1_144' title='bbox 454 1922 638 1984; x_wconf 90' lang='lat' dir='ltr'><strong>thesaurum.</strong></span> <span class='ocrx_word' id='word_1_145' title='bbox 692 1924 734 1985; x_wconf 82' lang='lat' dir='ltr'><strong>lle</strong></span> <span class='ocrx_word' id='word_1_146' title='bbox 767 1922 1081 1985; x_wconf 73' lang='lat' dir='ltr'><strong>Animadversionibus</strong></span> 
     </span>
     <span class='ocr_line' id='line_1_20' title="bbox 63 2011 1083 2094; baseline -0.002 -20"><span class='ocrx_word' id='word_1_147' title='bbox 63 2015 140 2074; x_wconf 87' lang='lat' dir='ltr'><strong>meis</strong></span> <span class='ocrx_word' id='word_1_148' title='bbox 176 2014 286 2073; x_wconf 88' lang='lat' dir='ltr'><strong>mirum</strong></span> <span class='ocrx_word' id='word_1_149' title='bbox 324 2011 421 2073; x_wconf 89' lang='lat' dir='ltr'><strong>audio.</strong></span> <span class='ocrx_word' id='word_1_150' title='bbox 472 2011 559 2072; x_wconf 86' lang='lat' dir='ltr'><strong>Certe</strong></span> <span class='ocrx_word' id='word_1_151' title='bbox 595 2014 767 2074; x_wconf 90' lang='lat' dir='ltr'><strong>mandaram</strong></span> <span class='ocrx_word' id='word_1_152' title='bbox 804 2012 1001 2094; x_wconf 82' lang='lat' dir='ltr'><strong>Commelino,</strong></span> <span class='ocrx_word' id='word_1_153' title='bbox 1037 2014 1083 2073; x_wconf 91' lang='lat' dir='ltr'><strong>uti</strong></span> 
     </span>
     <span class='ocr_line' id='line_1_21' title="bbox 65 2096 1083 2183; baseline -0.002 -19"><span class='ocrx_word' id='word_1_154' title='bbox 65 2100 219 2182; x_wconf 83' lang='lat' dir='ltr'><strong>exemplar</strong></span> <span class='ocrx_word' id='word_1_155' title='bbox 246 2103 312 2162; x_wconf 90' lang='lat' dir='ltr'><strong>eius</strong></span> <span class='ocrx_word' id='word_1_156' title='bbox 342 2101 476 2181; x_wconf 85' lang='lat' dir='ltr'><strong>Scipioni</strong></span> <span class='ocrx_word' id='word_1_157' title='bbox 499 2099 610 2161; x_wconf 90' lang='lat' dir='ltr'><strong>Gentili</strong></span> <span class='ocrx_word' id='word_1_158' title='bbox 637 2111 739 2164; x_wconf 91' lang='lat' dir='ltr'><strong>nostro</strong></span> <span class='ocrx_word' id='word_1_159' title='bbox 768 2096 1025 2183; x_wconf 45' lang='lat' dir='ltr'><strong>committerent,</strong></span> <span class='ocrx_word' id='word_1_160' title='bbox 1053 2109 1083 2162; x_wconf 92' lang='lat' dir='ltr'><strong>et</strong></span> 
     </span>
     <span class='ocr_line' id='line_1_22' title="bbox 62 2189 1081 2273; baseline -0.002 -21"><span class='ocrx_word' id='word_1_161' title='bbox 62 2191 93 2252; x_wconf 93' lang='lat' dir='ltr'><strong>id</strong></span> <span class='ocrx_word' id='word_1_162' title='bbox 117 2191 227 2252; x_wconf 86' lang='lat' dir='ltr'><strong>iactum</strong></span> <span class='ocrx_word' id='word_1_163' title='bbox 250 2209 321 2270; x_wconf 92' lang='lat' dir='ltr'><strong>prae</strong></span> <span class='ocrx_word' id='word_1_164' title='bbox 346 2209 378 2251; x_wconf 92' lang='lat' dir='ltr'><strong>se</strong></span> <span class='ocrx_word' id='word_1_165' title='bbox 401 2189 477 2251; x_wconf 91' lang='lat' dir='ltr'><strong>tulit.</strong></span> <span class='ocrx_word' id='word_1_166' title='bbox 523 2189 625 2253; x_wconf 88' lang='lat' dir='ltr'><strong>Restat</strong></span> <span class='ocrx_word' id='word_1_167' title='bbox 648 2195 754 2273; x_wconf 82' lang='lat' dir='ltr'><strong>igitur,</strong></span> <span class='ocrx_word' id='word_1_168' title='bbox 781 2200 814 2253; x_wconf 90' lang='lat' dir='ltr'><strong>ut</strong></span> <span class='ocrx_word' id='word_1_169' title='bbox 836 2194 981 2272; x_wconf 82' lang='lat' dir='ltr'><strong>proximis</strong></span> <span class='ocrx_word' id='word_1_170' title='bbox 1005 2210 1081 2251; x_wconf 94' lang='lat' dir='ltr'><strong>nun-</strong></span> 
     </span>
     <span class='ocr_line' id='line_1_23' title="bbox 62 2278 1080 2361; baseline -0.004 -19"><span class='ocrx_word' id='word_1_171' title='bbox 62 2281 144 2342; x_wconf 91' lang='lat' dir='ltr'><strong>dinis</strong></span> <span class='ocrx_word' id='word_1_172' title='bbox 167 2278 297 2353; x_wconf 86' lang='lat' dir='ltr'><strong>aliquem</strong></span> <span class='ocrx_word' id='word_1_173' title='bbox 319 2279 439 2361; x_wconf 88' lang='lat' dir='ltr'><strong>babeas,</strong></span> <span class='ocrx_word' id='word_1_174' title='bbox 463 2280 515 2358; x_wconf 94' lang='lat' dir='ltr'><strong>qui</strong></span> <span class='ocrx_word' id='word_1_175' title='bbox 538 2278 574 2339; x_wconf 90' lang='lat' dir='ltr'><strong>ab</strong></span> <span class='ocrx_word' id='word_1_176' title='bbox 598 2299 633 2340; x_wconf 93' lang='lat' dir='ltr'><strong>eo</strong></span> <span class='ocrx_word' id='word_1_177' title='bbox 657 2289 708 2342; x_wconf 90' lang='lat' dir='ltr'><strong>tuo</strong></span> <span class='ocrx_word' id='word_1_178' title='bbox 732 2284 852 2341; x_wconf 90' lang='lat' dir='ltr'><strong>nomine</strong></span> <span class='ocrx_word' id='word_1_179' title='bbox 877 2283 988 2360; x_wconf 80' lang='lat' dir='ltr'><strong>exigat5</strong></span> <span class='ocrx_word' id='word_1_180' title='bbox 1016 2282 1080 2357; x_wconf 89' lang='lat' dir='ltr'><strong>ipse</strong></span> 
     </span>
     <span class='ocr_line' id='line_1_24' title="bbox 61 2366 1081 2449; baseline -0.003 -19"><span class='ocrx_word' id='word_1_181' title='bbox 61 2372 145 2438; x_wconf 87' lang='lat' dir='ltr'><strong>enim</strong></span> <span class='ocrx_word' id='word_1_182' title='bbox 167 2366 279 2448; x_wconf 90' lang='lat' dir='ltr'><strong>alioqui</strong></span> <span class='ocrx_word' id='word_1_183' title='bbox 302 2368 464 2430; x_wconf 89' lang='lat' dir='ltr'><strong>obliviosus</strong></span> <span class='ocrx_word' id='word_1_184' title='bbox 493 2375 556 2429; x_wconf 90' lang='lat' dir='ltr'><strong>tum</strong></span> <span class='ocrx_word' id='word_1_185' title='bbox 578 2387 649 2449; x_wconf 88' lang='lat' dir='ltr'><strong>prae</strong></span> <span class='ocrx_word' id='word_1_186' title='bbox 679 2372 867 2448; x_wconf 82' lang='lat' dir='ltr'><strong>negotiorum</strong></span> <span class='ocrx_word' id='word_1_187' title='bbox 890 2367 1081 2430; x_wconf 87' lang='lat' dir='ltr'><strong>multitudine</strong></span> 
     </span>
     <span class='ocr_line' id='line_1_25' title="bbox 59 2450 1081 2542; baseline -0.003 -22"><span class='ocrx_word' id='word_1_188' title='bbox 59 2461 110 2520; x_wconf 84' lang='lat' dir='ltr'><strong>vix</strong></span> <span class='ocrx_word' id='word_1_189' title='bbox 150 2460 197 2519; x_wconf 88' lang='lat' dir='ltr'><strong>sui</strong></span> <span class='ocrx_word' id='word_1_190' title='bbox 232 2461 377 2519; x_wconf 89' lang='lat' dir='ltr'><strong>meminit.</strong></span> <span class='ocrx_word' id='word_1_191' title='bbox 431 2456 610 2539; x_wconf 82' lang='lat' dir='ltr'><strong>Epistolam‚</strong></span> <span class='ocrx_word' id='word_1_192' title='bbox 648 2461 678 2518; x_wconf 93' lang='lat' dir='ltr'><strong>in</strong></span> <span class='ocrx_word' id='word_1_193' title='bbox 711 2478 768 2538; x_wconf 94' lang='lat' dir='ltr'><strong>qua</strong></span> <span class='ocrx_word' id='word_1_194' title='bbox 801 2450 1006 2542; x_wconf 74' lang='lat' dir='ltr'><strong>scripseras*)</strong></span> <span class='ocrx_word' id='word_1_195' title='bbox 1044 2457 1081 2517; x_wconf 90' lang='lat' dir='ltr'><strong>de</strong></span> 
     </span>
     <span class='ocr_line' id='line_1_26' title="bbox 60 2546 1081 2630; baseline -0.003 -21"><span class='ocrx_word' id='word_1_196' title='bbox 60 2547 203 2628; x_wconf 85' lang='lat' dir='ltr'><strong>Querolo‚</strong></span> <span class='ocrx_word' id='word_1_197' title='bbox 225 2565 286 2608; x_wconf 92' lang='lat' dir='ltr'><strong>non</strong></span> <span class='ocrx_word' id='word_1_198' title='bbox 308 2550 418 2628; x_wconf 91' lang='lat' dir='ltr'><strong>recepi.</strong></span> <span class='ocrx_word' id='word_1_199' title='bbox 456 2546 595 2607; x_wconf 88' lang='lat' dir='ltr'><strong>Gratulor</strong></span> <span class='ocrx_word' id='word_1_200' title='bbox 618 2566 688 2626; x_wconf 83' lang='lat' dir='ltr'><strong>crgo</strong></span> <span class='ocrx_word' id='word_1_201' title='bbox 712 2567 792 2610; x_wconf 92' lang='lat' dir='ltr'><strong>nunc</strong></span> <span class='ocrx_word' id='word_1_202' title='bbox 814 2549 898 2630; x_wconf 82' lang='lat' dir='ltr'><strong>mihi,</strong></span> <span class='ocrx_word' id='word_1_203' title='bbox 922 2547 1001 2628; x_wconf 91' lang='lat' dir='ltr'><strong>quod</strong></span> <span class='ocrx_word' id='word_1_204' title='bbox 1025 2546 1081 2607; x_wconf 89' lang='lat' dir='ltr'><strong>tibi</strong></span> 
     </span>
     <span class='ocr_line' id='line_1_27' title="bbox 59 2636 1081 2717; baseline -0.002 -19"><span class='ocrx_word' id='word_1_205' title='bbox 59 2655 122 2698; x_wconf 95' lang='lat' dir='ltr'><strong>non</strong></span> <span class='ocrx_word' id='word_1_206' title='bbox 137 2636 325 2716; x_wconf 88' lang='lat' dir='ltr'><strong>displicuerit</strong></span> <span class='ocrx_word' id='word_1_207' title='bbox 338 2655 404 2697; x_wconf 90' lang='lat' dir='ltr'><strong>mea</strong></span> <span class='ocrx_word' id='word_1_208' title='bbox 417 2636 580 2716; x_wconf 89' lang='lat' dir='ltr'><strong>parrhesia.</strong></span> <span class='ocrx_word' id='word_1_209' title='bbox 605 2636 710 2698; x_wconf 87' lang='lat' dir='ltr'><strong>Colero</strong></span> <span class='ocrx_word' id='word_1_210' title='bbox 726 2646 806 2699; x_wconf 89' lang='lat' dir='ltr'><strong>certe</strong></span> <span class='ocrx_word' id='word_1_211' title='bbox 816 2639 927 2700; x_wconf 87' lang='lat' dir='ltr'><strong>lactum</strong></span> <span class='ocrx_word' id='word_1_212' title='bbox 939 2655 1081 2717; x_wconf 89' lang='lat' dir='ltr'><strong>cuperem</strong></span> 
     </span>
     <span class='ocr_line' id='line_1_28' title="bbox 59 2724 1081 2807; baseline -0.002 -21"><span class='ocrx_word' id='word_1_213' title='bbox 59 2726 100 2786; x_wconf 93' lang='lat' dir='ltr'><strong>ob</strong></span> <span class='ocrx_word' id='word_1_214' title='bbox 119 2725 282 2807; x_wconf 86' lang='lat' dir='ltr'><strong>Melissum,</strong></span> <span class='ocrx_word' id='word_1_215' title='bbox 306 2728 450 2806; x_wconf 87' lang='lat' dir='ltr'><strong>quicum</strong></span> <span class='ocrx_word' id='word_1_216' title='bbox 472 2725 546 2785; x_wconf 91' lang='lat' dir='ltr'><strong>mibi</strong></span> <span class='ocrx_word' id='word_1_217' title='bbox 565 2729 644 2790; x_wconf 90' lang='lat' dir='ltr'><strong>serio</strong></span> <span class='ocrx_word' id='word_1_218' title='bbox 668 2728 892 2789; x_wconf 89' lang='lat' dir='ltr'><strong>commendavit.</strong></span> <span class='ocrx_word' id='word_1_219' title='bbox 926 2727 987 2788; x_wconf 90' lang='lat' dir='ltr'><strong>Sed</strong></span> <span class='ocrx_word' id='word_1_220' title='bbox 1010 2724 1081 2803; x_wconf 94' lang='lat' dir='ltr'><strong>quid</strong></span> 
     </span>
     <span class='ocr_line' id='line_1_29' title="bbox 58 2812 1081 2896; baseline -0.003 -20"><span class='ocrx_word' id='word_1_221' title='bbox 58 2815 111 2876; x_wconf 89' lang='lat' dir='ltr'><strong>illc</strong></span> <span class='ocrx_word' id='word_1_222' title='bbox 141 2813 294 2876; x_wconf 87' lang='lat' dir='ltr'><strong>sterilibus</strong></span> <span class='ocrx_word' id='word_1_223' title='bbox 322 2817 389 2875; x_wconf 89' lang='lat' dir='ltr'><strong>istis</strong></span> <span class='ocrx_word' id='word_1_224' title='bbox 417 2832 449 2874; x_wconf 90' lang='lat' dir='ltr'><strong>se</strong></span> <span class='ocrx_word' id='word_1_225' title='bbox 478 2812 624 2894; x_wconf 82' lang='lat' dir='ltr'><strong>occupat?</strong></span> <span class='ocrx_word' id='word_1_226' title='bbox 668 2815 822 2896; x_wconf 74' lang='lat' dir='ltr'><strong>Arriporet</strong></span> <span class='ocrx_word' id='word_1_227' title='bbox 850 2815 994 2876; x_wconf 82' lang='lat' dir='ltr'><strong>fertiliora</strong></span> <span class='ocrx_word' id='word_1_228' title='bbox 1023 2812 1081 2893; x_wconf 85' lang='lat' dir='ltr'><strong>illa,</strong></span> 
     </span>
     <span class='ocr_line' id='line_1_30' title="bbox 59 2901 1081 2984; baseline -0.004 -19"><span class='ocrx_word' id='word_1_229' title='bbox 59 2922 138 2984; x_wconf 89' lang='lat' dir='ltr'><strong>quae</strong></span> <span class='ocrx_word' id='word_1_230' title='bbox 156 2902 206 2963; x_wconf 86' lang='lat' dir='ltr'><strong>DE</strong></span> <span class='ocrx_word' id='word_1_231' title='bbox 225 2902 323 2964; x_wconf 83' lang='grc' dir='ltr'><strong>ΡΑΝΕ</strong></span> <span class='ocrx_word' id='word_1_232' title='bbox 341 2902 551 2964; x_wconf 79' lang='lat' dir='ltr'><strong>LUCRANDO.</strong></span> <span class='ocrx_word' id='word_1_233' title='bbox 579 2904 648 2965; x_wconf 88' lang='lat' dir='ltr'><strong>lena</strong></span> <span class='ocrx_word' id='word_1_234' title='bbox 667 2912 766 2965; x_wconf 87' lang='lat' dir='ltr'><strong>tamen</strong></span> <span class='ocrx_word' id='word_1_235' title='bbox 790 2906 866 2965; x_wconf 90' lang='lat' dir='ltr'><strong>lorte</strong></span> <span class='ocrx_word' id='word_1_236' title='bbox 887 2904 977 2984; x_wconf 88' lang='lat' dir='ltr'><strong>dabit,</strong></span> <span class='ocrx_word' id='word_1_237' title='bbox 1001 2901 1081 2980; x_wconf 91' lang='lat' dir='ltr'><strong>quod</strong></span> 
     </span>
     <span class='ocr_line' id='line_1_31' title="bbox 58 2991 1079 3074; baseline -0.004 -20"><span class='ocrx_word' id='word_1_238' title='bbox 58 2999 152 3074; x_wconf 86' lang='lat' dir='ltr'><strong>optat.</strong></span> <span class='ocrx_word' id='word_1_239' title='bbox 194 2992 279 3053; x_wconf 88' lang='lat' dir='ltr'><strong>Nam&#39;</strong></span> <span class='ocrx_word' id='word_1_240' title='bbox 292 2991 404 3053; x_wconf 88' lang='lat' dir='ltr'><strong>ibidem</strong></span> <span class='ocrx_word' id='word_1_241' title='bbox 426 2992 562 3054; x_wconf 89' lang='lat' dir='ltr'><strong>versibus</strong></span> <span class='ocrx_word' id='word_1_242' title='bbox 582 3012 670 3054; x_wconf 88' lang='lat' dir='ltr'><strong>suurn</strong></span> <span class='ocrx_word' id='word_1_243' title='bbox 694 3001 740 3054; x_wconf 88' lang='lat' dir='ltr'><strong>est</strong></span> <span class='ocrx_word' id='word_1_244' title='bbox 762 2996 901 3073; x_wconf 86' lang='lat' dir='ltr'><strong>pretium,</strong></span> <span class='ocrx_word' id='word_1_245' title='bbox 925 2991 962 3052; x_wconf 95' lang='lat' dir='ltr'><strong>ob</strong></span> <span class='ocrx_word' id='word_1_246' title='bbox 985 2991 1079 3051; x_wconf 88' lang='lat' dir='ltr'><strong>Reus-</strong></span> 
     </span>
     <span class='ocr_line' id='line_1_32' title="bbox 57 3074 1080 3163; baseline -0.006 -18"><span class='ocrx_word' id='word_1_247' title='bbox 57 3074 227 3163; x_wconf 63' lang='lat' dir='ltr'><strong>nerumm,</strong></span> <span class='ocrx_word' id='word_1_248' title='bbox 251 3083 302 3161; x_wconf 93' lang='lat' dir='ltr'><strong>qui</strong></span> <span class='ocrx_word' id='word_1_249' title='bbox 324 3081 434 3142; x_wconf 91' lang='lat' dir='ltr'><strong>talibus</strong></span> <span class='ocrx_word' id='word_1_250' title='bbox 449 3082 567 3162; x_wconf 26' lang='lat' dir='ltr'><strong>‚oppido</strong></span> <span class='ocrx_word' id='word_1_251' title='bbox 592 3085 715 3162; x_wconf 91' lang='lat' dir='ltr'><strong>capitur.</strong></span> <span class='ocrx_word' id='word_1_252' title='bbox 758 3082 925 3162; x_wconf 86' lang='lat' dir='ltr'><strong>Oppianum</strong></span> <span class='ocrx_word' id='word_1_253' title='bbox 948 3079 1080 3159; x_wconf 85' lang='lat' dir='ltr'><strong>gratulor</strong></span> 
     </span>
     <span class='ocr_line' id='line_1_33' title="bbox 56 3164 1081 3251; baseline -0.005 -17"><span class='ocrx_word' id='word_1_254' title='bbox 56 3172 205 3234; x_wconf 88' lang='lat' dir='ltr'><strong>incidisse</strong></span> <span class='ocrx_word' id='word_1_255' title='bbox 228 3173 260 3232; x_wconf 93' lang='lat' dir='ltr'><strong>in</strong></span> <span class='ocrx_word' id='word_1_256' title='bbox 279 3170 382 3232; x_wconf 87' lang='lat' dir='ltr'><strong>leliccs</strong></span> <span class='ocrx_word' id='word_1_257' title='bbox 399 3189 506 3231; x_wconf 90' lang='lat' dir='ltr'><strong>manus</strong></span> <span class='ocrx_word' id='word_1_258' title='bbox 524 3164 764 3251; x_wconf 79' lang='lat' dir='ltr'><strong>Raphelengii²⁴1</strong></span> <span class='ocrx_word' id='word_1_259' title='bbox 787 3174 992 3232; x_wconf 88' lang='lat' dir='ltr'><strong>etiamnunc</strong></span> <span class='ocrx_word' id='word_1_260' title='bbox 1012 3188 1081 3230; x_wconf 91' lang='lat' dir='ltr'><strong>eum</strong></span> 
     </span>
     <span class='ocr_line' id='line_1_34' title="bbox 56 3259 1081 3342; baseline -0.005 -18"><span class='ocrx_word' id='word_1_261' title='bbox 56 3261 171 3324; x_wconf 84' lang='lat' dir='ltr'><strong>absens</strong></span> <span class='ocrx_word' id='word_1_262' title='bbox 188 3260 282 3342; x_wconf 81' lang='lat' dir='ltr'><strong>inhio,</strong></span> <span class='ocrx_word' id='word_1_263' title='bbox 305 3262 396 3321; x_wconf 92' lang='lat' dir='ltr'><strong>immo</strong></span> <span class='ocrx_word' id='word_1_264' title='bbox 416 3259 533 3321; x_wconf 88' lang='lat' dir='ltr'><strong>devoro.</strong></span> <span class='ocrx_word' id='word_1_265' title='bbox 571 3260 607 3320; x_wconf 77' lang='lat' dir='ltr'><strong>At</strong></span> <span class='ocrx_word' id='word_1_266' title='bbox 627 3278 756 3341; x_wconf 81' lang='lat' dir='ltr'><strong>carmen,</strong></span> <span class='ocrx_word' id='word_1_267' title='bbox 780 3261 859 3339; x_wconf 88' lang='lat' dir='ltr'><strong>quod</strong></span> <span class='ocrx_word' id='word_1_268' title='bbox 879 3262 908 3321; x_wconf 94' lang='lat' dir='ltr'><strong>ei</strong></span> <span class='ocrx_word' id='word_1_269' title='bbox 927 3259 1081 3341; x_wconf 86' lang='lat' dir='ltr'><strong>debebam,</strong></span> 
     </span>
     <span class='ocr_line' id='line_1_35' title="bbox 55 3342 1081 3430; baseline -0.006 -16"><span class='ocrx_word' id='word_1_270' title='bbox 55 3355 128 3414; x_wconf 86' lang='lat' dir='ltr'><strong>iure</strong></span> <span class='ocrx_word' id='word_1_271' title='bbox 156 3351 265 3411; x_wconf 89' lang='lat' dir='ltr'><strong>merito</strong></span> <span class='ocrx_word' id='word_1_272' title='bbox 291 3348 445 3430; x_wconf 89' lang='lat' dir='ltr'><strong>imputabo</strong></span> <span class='ocrx_word' id='word_1_273' title='bbox 474 3342 688 3430; x_wconf 62' lang='lat' dir='ltr'><strong>Gunthemm,</strong></span> <span class='ocrx_word' id='word_1_274' title='bbox 720 3358 824 3429; x_wconf 89' lang='lat' dir='ltr'><strong>poetae</strong></span> <span class='ocrx_word' id='word_1_275' title='bbox 858 3352 906 3412; x_wconf 92' lang='lat' dir='ltr'><strong>sui</strong></span> <span class='ocrx_word' id='word_1_276' title='bbox 938 3351 1081 3429; x_wconf 88' lang='lat' dir='ltr'><strong>temporis</strong></span> 
     </span>
    </p>
   </div>
   <div class='ocr_carea' id='block_1_5' title="bbox 129 3537 974 3679">
    <p class='ocr_par' dir='ltr' id='par_1_5' title="bbox 129 3537 974 3679">
     <span class='ocr_line' id='line_1_36' title="bbox 129 3537 429 3610; baseline 0.017 -19"><span class='ocrx_word' id='word_1_277' title='bbox 129 3540 153 3606; x_wconf 62' lang='lat' dir='ltr'><strong>l)</strong></span> <span class='ocrx_word' id='word_1_278' title='bbox 172 3537 236 3594; x_wconf 77' lang='lat' dir='ltr'><strong>don.</strong></span> <span class='ocrx_word' id='word_1_279' title='bbox 255 3541 429 3610; x_wconf 53' lang='lat' dir='ltr'><strong>retineamur.</strong></span> 
     </span>
     <span class='ocr_line' id='line_1_37' title="bbox 940 3626 974 3679; baseline 0 -25"><span class='ocrx_word' id='word_1_280' title='bbox 940 3626 974 3679; x_wconf 41' lang='lat' dir='ltr'><strong>k*</strong></span> 
     </span>
    </p>
   </div>
   <div class='ocr_carea' id='block_1_6' title="bbox 0 0 1190 3840">
    <p class='ocr_par' dir='ltr' id='par_1_6' title="bbox 0 0 1190 3840">
     <span class='ocr_line' id='line_1_38' title="bbox 0 0 1190 3840; baseline 0 1"><span class='ocrx_word' id='word_1_281' title='bbox 0 0 1190 3840; x_wconf 95' lang='lat' dir='ltr'><strong> </strong></span> 
     </span>
    </p>
   </div>
  </div>
 </body>
</html>
