2370 3840
416 193 455 248 ad
473 191 519 250 W.
537 190 698 249 Maurarum
1025 197 1067 262 15

41 349 225 423 revertatur,
253 349 283 402 et
304 344 370 422 ipse
394 345 489 423 cupit,
519 349 549 403 et
573 344 598 402 si
623 344 695 424 quid
717 351 768 406 tua
792 363 882 425 opera
905 345 1065 408 accelerari

40 439 151 513 potest,
174 433 220 492 rei
243 433 411 492 communis
434 434 554 492 nomine
577 435 717 515 petimus,
740 441 774 495 ut
792 435 890 496 tactas.
927 435 974 496 Me
992 454 1064 496 vero

42 540 98 584 cnr
121 522 192 582 lacti
214 523 275 581 mei
296 523 452 601 poenitere
475 523 580 603 possit,
603 522 737 583 nondum
755 523 950 585 animadverti
969 531 999 585 et
1016 543 1063 584 re-

41 613 109 691 peri
132 609 324 671 mediocriter
346 612 378 671 in
405 612 571 692 provincia,
600 629 689 692 quam
718 614 856 692 expetivi.
901 611 1064 692 Disciplina

40 706 160 761 tantum
183 701 332 760 severiore
360 698 408 759 vel
434 701 534 779 potius
563 700 715 761 acerbiore
741 719 815 781 opus
839 720 906 763 esse
929 700 1064 780 intelligo

43 807 132 868 quam
155 795 278 866 naturae
301 807 385 849 meae
408 788 516 849 lenitas
540 789 619 850 terre
642 807 731 870 posse
753 790 879 852 videtur.
915 789 949 851 ld
972 793 1065 870 igitur

41 897 99 958 per
120 877 195 938 mihi
217 877 338 939 dillieile
363 885 393 939 et
414 877 574 939 molestum
602 885 649 940 est
671 880 814 940 futurum.
856 880 1063 959 Superandum

41 976 144 1029 tamen
167 973 197 1029 ct
219 969 326 1047 ipsum.
372 967 413 1027 Te
437 976 585 1028 rectorem
614 975 748 1029 creatum
771 987 837 1030 esse
862 971 959 1030 serius
983 988 1063 1029 com·

41 1059 186 1138 perimus,
204 1056 272 1118 ideo
291 1073 352 1117 non
370 1058 521 1136 potuimus
539 1061 687 1118 maturius
707 1057 856 1136 gratulari.
879 1057 945 1119 Etsi
963 1067 1063 1119 autem

25 1145 212 1226 ‘plusculum
230 1146 435 1207 molestiarum
454 1151 484 1206 et
501 1145 637 1208 laborum
663 1145 718 1207 tibi
739 1146 859 1207 obiiciat
881 1147 977 1208 honor
995 1149 1061 1229 iste,

41 1243 144 1296 tamen
166 1242 197 1296 et
219 1237 261 1296 ita
282 1237 407 1296 meritae
427 1234 464 1295 de
482 1242 512 1297 te
531 1244 601 1296 sunt
619 1235 735 1297 litterae
754 1242 882 1317 nostrae,
905 1245 940 1297 ut
958 1255 1062 1316 graves

40 1324 99 1386 tibi
125 1327 158 1384 in
185 1341 301 1411 summo
328 1327 504 1403 magistratu
531 1324 650 1386 illarum
678 1343 744 1386 esse
772 1343 833 1386 non
861 1325 1001 1408 debeant,
1031 1334 1062 1387 et

41 1413 219 1494 rependitur
237 1432 254 1474 a
272 1420 302 1474 te
322 1414 415 1493 gratia
434 1414 490 1495 bic,
510 1433 585 1494 qnae
604 1421 634 1476 te
653 1421 797 1476 ornarunt
811 1421 975 1494 tantopere.
998 1415 1061 1494 Ego

42 1503 164 1583 quidem
187 1505 266 1564 sicut
288 1503 386 1564 studia
408 1503 514 1563 barum
536 1503 722 1583 praeclariss
756 1503 845 1584 duco,
875 1505 917 1564 ita
939 1505 1061 1584 praefici

41 1595 132 1653 etiam
155 1610 244 1652 curae
268 1598 299 1652 et
321 1591 529 1671 gubernationi
551 1592 671 1653 illarum
694 1590 929 1672 pulcherrimum
952 1592 1061 1654 iudico.

39 1681 76 1742 ln
98 1699 135 1741 eo
158 1687 258 1743 tamen
280 1683 377 1741 maior
399 1690 445 1742 est
468 1681 532 1742 laus
552 1688 583 1742 et
602 1681 731 1760 dignitas
750 1679 859 1740 talibus
878 1683 1062 1741 ornamentis

41 1771 165 1850 dignum
189 1772 324 1851 reperiri
370 1769 433 1831 lloc
455 1773 548 1849 igitur
570 1770 627 1831 tibi
653 1787 743 1830 nunc·
757 1771 916 1849 praecipue
946 1772 978 1830 iu
1006 1770 1060 1831 hac

41 1878 75 1921 re
99 1860 306 1939 gratulandum
328 1861 429 1940 putari
451 1866 482 1920 et
504 1860 650 1942 gratulor,
679 1865 822 1940 utputo,
850 1861 1060 1921 rectissimum.

40 1948 118 2010 Nam
140 1949 215 2009 mihi
237 1951 282 2010 sic
304 1949 479 2030 persuadeo,
509 1966 696 2029 nequaquam
719 1948 775 2009 tibi
797 1948 878 2010 hunc
906 1951 1060 2028 magistra·

40 2047 107 2099 tum
136 2041 249 2099 maiora
279 2045 453 2099 ornamenta
483 2039 635 2120 conferre,
670 2056 759 2117 quam
788 2057 805 2098 a
834 2046 864 2098 te
895 2038 932 2099 ad
960 2040 1061 2119 ipsum

42 2128 216 2188 afferuntur.
264 2127 322 2188 Sed
345 2127 382 2188 de
405 2127 453 2188 bis
476 2129 535 2188 iam
558 2127 670 2189 dudum
693 2129 828 2187 nimium.
875 2125 935 2187 Oro
958 2130 1061 2208 igitur,

40 2224 76 2278 ut
99 2215 227 2296 benigne
258 2218 392 2296 accipere
421 2217 495 2277 velis
518 2216 630 2297 absque
659 2222 833 2295 argumento
862 2222 892 2275 et
915 2218 1061 2295 sapientia

40 2307 170 2385 scriptos
193 2304 308 2366 litteras
330 2312 448 2367 nostras
471 2305 587 2384 tibique
610 2305 790 2386 persuadeas
814 2321 871 2384 me,
895 2307 921 2363 si
941 2303 1009 2365 ullis
1028 2306 1060 2364 in

39 2389 173 2478 rebus*)
196 2412 251 2475 pro
274 2397 411 2456 maximis
434 2401 465 2455 et
487 2393 704 2455 immortalibus
727 2392 880 2453 beneficiis
903 2395 964 2454 tuis
988 2393 1060 2454 edu-

39 2485 169 2546 cationis
192 2477 308 2544 meae*⁶
336 2491 453 2563 gratum
480 2485 612 2545 animum
638 2500 739 2544 meum
763 2481 914 2543 declarare
938 2485 1061 2564 possim,

38 2572 118 2635 nihil
140 2590 207 2634 esse
230 2575 412 2634 omissurum
435 2575 576 2635 omnium.
607 2572 686 2634 Vale.

88 2673 127 2763 (E
146 2678 229 2741 ludo
247 2674 446 2764 Portensi),
469 2679 566 2761 pridie
591 2678 691 2742 Nonas
714 2679 887 2743 Decembris
908 2673 1039 2764 (1547).

493 2787 528 2848 Τ.
548 2781 741 2872 Esr(omus
763 2780 1016 2869 Rudingerus).

224 3011 273 3085 lt.
311 3015 386 3085 Esr.
408 3015 619 3103 Rudingerus
643 3015 697 3084 W.
719 3014 880 3083 lleurero.

40 3119 74 3192 (E
94 3118 176 3175 ludo
193 3117 375 3190 Portensi).
839 3121 864 3176 8.
882 3116 941 3173 Ian.
960 3117 1061 3189 (1⁶48).

109 3264 116 3277 .
136 3263 143 3278 .
167 3215 349 3296 Vuollgango
367 3215 504 3278 bleurero
528 3217 607 3279 acad.
627 3216 782 3297 Lipsensis
805 3216 918 3275 rectori
936 3212 1061 3275 Domino

41 3315 72 3368 et
95 3307 284 3386 praeceptori
308 3324 362 3367 suo
386 3305 604 3368 colendissimo.
642 3306 682 3368 X.
702 3305 848 3367 Ianuarii
864 3303 959 3366 1548.

109 3394 138 3457 S.
157 3393 191 3456 D.
213 3394 380 3457 Abeuntem
398 3413 415 3455 a
438 3393 525 3456 nobis
543 3393 639 3457 loacb.
654 3392 863 3455 Smalcaldiam
880 3412 981 3472 usupc
996 3411 1073 3450 sum

113 3566 138 3634 ⁶)
160 3564 353 3623 ‘m-rebuo’
372 3566 412 3624 ad
429 3585 525 3645 marg.
