2370 3840
102 167 164 231 108
493 166 528 220 Η.
545 165 716 236 Thederingi

99 317 291 397 prudentium
316 322 346 376 et
365 315 554 395 syndicorum
575 317 748 375 auctoritate
768 314 805 377 de
825 314 1030 376 saecularibus
1048 333 1111 394 pro·
1132 354 1134 359 .

99 408 296 466 nuntiaturos
342 403 502 484 Postquam
529 422 599 486 vero
626 404 749 465 ultimus
778 422 882 465 eorum
911 397 1112 484 episcopus⁴⁸⁶

100 514 143 555 ao.
174 491 260 556 1535
293 501 397 573 sponte
425 493 601 573 aufugisset,
635 495 732 572 stupri
760 496 869 554 civicae
897 492 976 554 filiae
1004 493 1111 555 nefarie

100 583 174 644 illati
192 601 318 663 poenam
336 590 482 663 metuenS,
505 582 541 642 ad
560 581 727 642 libertatem
746 582 898 661 politicam
917 582 1112 643 adiunxerunt

101 692 218 753 quoque
242 671 437 752 spiritualem,
459 672 579 732 foedere
602 690 670 732 cum
689 670 891 733 Berneusibus
915 679 946 732 et
965 671 1112 751 Tigurinis

99 782 168 823 mox
196 764 270 822 inito
298 762 445 840 domoque
469 759 629 840 episcopali
652 762 684 820 in
707 759 914 822 obaeratorum
937 768 969 822 et
993 759 1113 822 scelera·

100 860 199 912 torum
222 849 422 912 babitaculum
446 867 596 910 conversa.
638 849 696 909 Sed
720 850 756 909 ad
780 849 960 910 academiam
985 856 1114 910 nostram

99 959 205 1022 pergo,
233 958 321 1019 quam
348 940 431 1000 brevi
453 939 647 999 illustriorem
671 938 775 998 reddet
797 957 906 999 novum
929 938 1005 999 illud
1029 941 1113 999 iuris·

99 1030 275 1110 prudentiae
303 1029 403 1089 lumen
429 1027 483 1089 lln.
506 1027 630 1088 lacobus
653 1026 866 1109 Gothofredus,
896 1030 1120 1107 quamprimum

101 1119 215 1180 scilieet
238 1137 274 1178 ex
298 1121 381 1178 novis
405 1119 485 1178 curis
510 1117 681 1177 domesticis
705 1135 736 1177 se
755 1116 908 1196 paululum
927 1118 1125 1178 extricaverit.

101 1216 131 1268 et
152 1209 378 1285 magistratuum
402 1207 627 1284 officiorumque
649 1204 837 1286 publicorum
860 1208 1043 1286 permutatio
1064 1209 1146 1266 im-

100 1299 218 1357 minens
246 1295 322 1355 facta
349 1296 447 1356 fuerit.
493 1295 609 1355 Interea
633 1302 663 1355 et
686 1295 723 1355 ad
747 1295 964 1374 disputationes
987 1297 1168 1375 privatas

101 1393 131 1446 et
154 1385 296 1445 lectiones
318 1386 393 1445 iuris
417 1403 451 1445 ac
473 1384 666 1444 historiarum
688 1382 832 1466 publicas,
856 1386 882 1444 si
905 1391 1069 1464 utrumque
1089 1382 1175 1444 αἱ

101 1474 305 1554 demandetur,
328 1480 449 1534 strenue
473 1491 505 1533 se
527 1480 619 1552 parat.
658 1473 795 1534 Certonis
818 1467 1014 1534 Genevam⁴⁸⁷
1037 1480 1177 1535 recto

100 1564 239 1625 traditam
268 1563 375 1642 gaudet
402 1561 606 1622 Excellentiss.
635 1561 687 1624 Dn.
711 1561 743 1623 ll.
767 1562 926 1644 Augerius3
955 1564 1180 1642 gratiarum

42 1659 44 1662 ’
101 1656 248 1715 actionem
262 1652 373 1714 nullam
387 1651 517 1712 tantillas
532 1651 649 1711 chartas
663 1654 782 1733 mereri,
800 1655 892 1712 immo
906 1654 939 1711 in
954 1651 1180 1713 maioribus

101 1762 186 1804 suam
210 1761 241 1802 se
266 1741 483 1802 observantiam
507 1747 537 1801 et
561 1741 658 1801 officia
682 1743 780 1801 omnia
802 1741 834 1802 Α.
858 1741 889 1802 V.
913 1740 1026 1802 debere
1051 1755 1181 1821 pre:-

100 1834 210 1893 titetur.
256 1830 309 1891 bn.
334 1830 444 1909 Caspar
466 1823 699 1912 Laurentius⁴⁸⁸,
727 1830 763 1890 de
792 1848 850 1908 quo
873 1848 971 1910 nuper
994 1842 1180 1910 quaere·

101 1921 197 2000 batur,
212 1937 335 1998 graecae
350 1919 466 1997 linguae
481 1919 681 1998 professorem
696 1921 765 2000 agit,
778 1921 824 1980 vir
838 1937 909 1980 sane
924 1919 1178 1980 doctissimas

102 2016 132 2069 et
154 2007 329 2086 theologicis
354 2009 473 2087 scriptis
497 2006 723 2087 quamplurimis
747 2008 845 2069 clarus
869 2016 899 2069 et
922 2007 1021 2069 adhuc
1043 2008 1176 2069 hec-e

101 2100 133 2158 in
164 2115 279 2158 summa
306 2098 396 2158 etiam
424 2104 577 2158 senectute
604 2095 725 2158 habens.
771 2097 895 2158 Mulfelii
922 2097 1034 2159 fratres
1061 2108 1173 2158 una

12 2243 14 2247 ,
102 2207 170 2249 cum
189 2186 242 2248 bn.
261 2187 410 2266 Xylandro
433 2188 511 2246 intra
536 2188 772 2264 sesquimcnscm
795 2189 891 2266 ipsam
910 2185 1037 2247 Galliam
1058 2185 1119 2248 acl
1136 2181 1169 2238 Ἰ·

100 2277 176 2338 bunt
199 2283 228 2337 et
245 2275 478 2357 perlustrabant,
502 2277 532 2335 iu
551 2277 616 2354 ipsa
633 2277 873 2355 peregrinatione
892 2275 1013 2354 linguae
1032 2277 1163 2337 istius

100 2367 309 2447 perfectiorem
342 2367 569 2444 acquisitionem
601 2363 659 2424 sibi
690 2353 907 2443 promittentes.
958 2363 1000 2426 [le
1034 2359 1158 2426 novis

102 2455 221 2515 Gallicis
245 2455 320 2515 addo
344 2453 479 2535 paucula,
502 2472 577 2532 quae
601 2472 617 2513 a
640 2452 693 2514 Du.
717 2447 922 2514 Turretino⁴⁸³
944 2457 1150 2533 nuperrime

101 2543 175 2603 mihi
207 2543 299 2604 relata
330 2551 412 2625 sunt3
446 2543 560 2604 scilicet
591 2544 812 2604 matrimonium
843 2545 923 2603 inter
954 2542 1143 2605 Sabaudiae

101 2633 267 2710 principem
301 2634 361 2692 iun.
394 2639 423 2692 et
456 2630 616 2692 Galliarum
648 2634 728 2711 regis
761 2623 942 2693 sororem4⁹0
974 2631 1133 2694 haetenus

102 2723 242 2801 agitatum
266 2728 296 2781 et
316 2720 512 2782 deliberatum
531 2722 591 2780 iam
609 2727 706 2781 ratum
724 2720 841 2803 haberi3
865 2721 1034 2783 simultates
1051 2731 1123 2783 cuffl

100 2811 194 2890 Angla
208 2812 340 2889 mitigari
354 2816 384 2870 et
397 2810 512 2890 placide
527 2811 666 2888 componi
680 2811 771 2889 inque
786 2809 980 2871 abolitionem
993 2812 1115 2872 istarum

40 2943 41 2947 ,
101 2900 198 2980 palam
226 2899 390 2961 faciendam
418 2918 493 2960 nova
521 2897 644 2960 consilia
672 2900 738 2959 fieri
768 2898 804 2959 de
837 2898 929 2960 altera
958 2898 1108 2961 Galliarum

48 2991 49 2994 ’
101 2992 181 3069 regis
215 3008 317 3050 sorore
349 2996 379 3049 et
410 2990 475 3068 ipsa
507 2982 646 3049 nubili491
678 2990 807 3067 principi
838 2987 932 3068 Angla
965 2986 1105 3066 elocanda3

101 3079 229 3157 denique
250 3077 398 3156 quendam
418 3078 628 3159 Gaudesinum,
652 3079 704 3157 qni
722 3096 758 3139 ex
776 3078 877 3139 infima
897 3085 978 3139 sorte
997 3083 1105 3159 propter

101 3166 245 3228 revelatas
255 3169 403 3227 Ancorani
417 3168 536 3228 fraudes
551 3167 586 3227 ad
602 3184 733 3227 summos
747 3166 876 3228 bonores
894 3166 1008 3229 aulicos
1018 3185 1104 3229 ascen·

102 3255 195 3336 derat,
218 3275 234 3315 a
256 3256 385 3336 lesuitis,
409 3275 483 3335 quos
506 3258 570 3336 ipse
594 3258 626 3316 in
649 3255 829 3316 academiam
851 3255 1053 3318 Parisiensem
1072 3258 1106 3318 in·

102 3351 245 3423 truserat,
278 3346 337 3404 iam
369 3347 470 3405 nescio
503 3347 588 3406 curius
622 3346 762 3405 facinoris
794 3343 999 3406 insimulatum
1028 3349 1109 3424 gratia

92 3433 180 3510 regis
198 3431 291 3512 plane
316 3433 466 3496 excidisse
491 3434 624 3514 adeoque
645 3440 793 3494 remotum
811 3451 885 3494 esse.
922 3432 1004 3495 llaec
1022 3433 1113 3518 habui,

77 3537 160 3598 quae
184 3521 244 3585 bac
273 3525 340 3588 rice
367 3525 460 3591 volui.
500 3525 591 3602 Quod
608 3524 765 3603 reliquum
780 3520 1122 3600 sst,iestromeimsu
