2370 3840
523 189 662 260 epistolae

227 386 276 460 73.
309 388 347 458 Η.
372 389 600 478 llrederingus
624 391 693 460 Nic.
716 391 953 461 Rittershnsio.

77 511 345 581 Heidelbergae.
901 522 925 569 2.
944 516 1003 572 Ian.
1021 523 1099 572 1618.

148 608 345 669 Ornatissimo
369 615 456 688 atque
485 609 659 669 doctissimo
683 609 736 670 Dn.
756 609 876 671 Nicolao
899 609 1099 673 Rittershusio

78 699 131 760 SS.
156 697 211 758 LL.
236 697 344 758 cultori
367 696 573 778 solertissimo,
597 702 692 759 amico
716 700 941 760 iucundissimo,
987 700 1099 763 Altorlf.

148 786 345 847 Ornatissime
381 786 435 847 Dn.
473 786 607 869 Nicolae‚
649 790 743 848 amice
784 788 887 849 multis
928 790 1100 851 nominihus

77 874 249 938 carissime!

146 964 203 1025 Pro
226 966 380 1045 temporis,
404 982 462 1047 quo
485 964 558 1026 haec
581 965 637 1025 tibi
659 967 793 1026 tradetur
817 966 950 1048 epistola,
974 967 1098 1028 diversi-

76 1063 162 1136 tate„
182 1056 222 1114 sit
244 1053 300 1113 tibi
323 1056 356 1114 in
378 1053 434 1113 hoc
458 1054 580 1114 exordio
608 1055 655 1114 vel
678 1054 774 1115 honus
797 1074 905 1134 vesper
932 1056 979 1116 vel
1001 1056 1098 1117 honus

78 1162 155 1204 cras
201 1142 260 1203 Sed
288 1144 349 1202 nisi
379 1161 427 1203 me
461 1145 633 1203 coniectura
666 1144 752 1225 fallit,
784 1147 868 1223 prius
897 1147 954 1205 erit
985 1164 1097 1207 verum.

77 1232 157 1311 Ergo
167 1234 318 1311 posterius
333 1230 448 1292 falsum.
477 1232 697 1311 Consequentia
716 1232 793 1292 valet
807 1233 976 1295 conditione
991 1237 1096 1313 posita.

77 1322 189 1382 Verum
212 1323 304 1400 igitur
322 1328 423 1381 manet
441 1340 554 1402 verum,
574 1324 651 1382 sicut
670 1330 733 1382 erat
752 1325 783 1382 in
801 1326 948 1402 principio
968 1332 998 1384 et
1017 1343 1097 1385 nunc

78 1418 111 1472 et
134 1429 259 1490 semper.
304 1409 359 1470 His
386 1412 427 1470 ita
454 1413 641 1489 praemissis:
675 1411 706 1471 Si
729 1411 822 1493 valeS,
850 1413 925 1473 bene
955 1421 1012 1493 est,
1043 1432 1096 1492 ego

78 1500 171 1579 valeo,
193 1503 275 1560 iuxta
298 1499 371 1560 illud
394 1506 492 1560 vetus:
517 1500 616 1560 Siris
640 1501 795 1560 comedere
819 1520 945 1582 mecum,
968 1520 1001 1560 os
1020 1502 1096 1562 hene

77 1591 259 1670 termnum,
287 1607 355 1649 man
378 1587 482 1648 komht
510 1597 593 1649 sonst
624 1608 660 1649 zu
684 1589 778 1650 kurtz.
825 1590 906 1670 Scio,
934 1591 1012 1668 quod
1040 1590 1097 1651 hoc

78 1681 169 1759 seim,
197 1696 253 1738 nec
277 1680 346 1757 quia
370 1677 406 1737 de
429 1677 480 1737 illo
505 1678 621 1757 dubito,
650 1679 702 1737 sed
727 1680 796 1757 quia
820 1697 883 1737 mos
913 1687 959 1738 est
988 1681 1028 1738 ita
1053 1680 1096 1739 di-

77 1767 182 1848 cendi,
214 1766 288 1828 dico.
334 1766 372 1827 Et
399 1767 466 1826 dico
495 1767 616 1846 quidem
642 1767 715 1826 haec
745 1766 827 1846 talia,
860 1767 1096 1846 quia'hahemus

77 1860 137 1917 iam
164 1859 232 1916 vina
260 1856 417 1916 candentia
443 1855 534 1937 hona,
568 1864 637 1916 sunt
669 1856 755 1917 nobis
788 1859 870 1917 mitia
903 1875 1003 1939 poma3
1035 1876 1096 1918 non

76 1954 176 2006 autem
209 1945 296 2005 nohis
330 1951 459 2025 tantum,
496 1947 548 2005 sed
574 1953 611 2020 et
649 1945 714 2006 aliis
747 1949 973 2028 post-rusticis,
1006 1948 1095 2008 nach-

75 2035 199 2096 banren.
246 2033 320 2094 Nam
352 2035 454 2094 unum
486 2037 588 2094 vinnm
620 2042 687 2114 post
719 2032 879 2096 Martinam
916 2036 991 2096 solet
1028 2055 1095 2097 esse

75 2125 198 2204 bonum,
221 2130 251 2184 et
274 2131 373 2183 cetera
395 2125 601 2183 miteinander.
642 2123 704 2201 Ego
724 2125 845 2203 quidem
867 2125 941 2184 mihi
959 2128 1096 2202 persuasi

75 2224 105 2274 te
130 2213 166 2274 ad
191 2231 246 2274 nos
270 2231 338 2273 cum
362 2230 486 2291 corpore
510 2220 540 2272 et
563 2214 660 2272 anima
683 2220 854 2292 venturum,
886 2214 1002 2291 quando
1027 2233 1095 2273 cum

74 2304 185 2364 litteris
208 2304 268 2363 tuis
291 2309 352 2362 tarn
375 2301 427 2362 diu
455 2319 557 2361 manes
582 2320 617 2360 ex
641 2319 737 2379 neque
766 2301 925 2361 comitibus
953 2303 1013 2360 tuis
1042 2301 1094 2362 ali-

73 2391 194 2472 qnando
223 2393 267 2451 sic
294 2391 382 2452 dictis
411 2383 486 2474 (non
511 2397 610 2450 tamen
633 2383 789 2472 Palatinis)
817 2408 910 2450 unum
939 2389 1095 2451 verbulum

73 2481 183 2542 scribis
208 2487 259 2540 aut
281 2499 314 2540 os
338 2479 464 2559 largiris,
509 2479 622 2541 Pudeat
645 2488 683 2560 te,
713 2481 755 2538 mi
774 2478 827 2539 lln.
846 2478 976 2560 Nicolae,
999 2487 1029 2539 te
1053 2482 1094 2541 ita

72 2570 161 2631 nobis
186 2571 245 2629 iam
262 2571 429 2648 posteriora
448 2568 591 2648 analytica
610 2569 777 2650 ostendere,
801 2588 869 2630 cnm
888 2576 973 2629 antea
994 2569 1091 2631 honus

72 2667 179 2720 noster
202 2661 300 2719 socius
324 2659 425 2719 lucris,
471 2657 513 2717 lta
541 2658 629 2718 hodie
657 2659 702 2717 tit:
736 2661 789 2736 qui
816 2661 896 2719 venit
925 2678 960 2718 er
990 2659 1094 2740 oculis,

72 2767 144 2809 mox
168 2750 257 2808 etiam
281 2765 317 2807 ex
341 2747 429 2807 corde
453 2747 575 2807 alterius
599 2748 685 2807 cadit.
731 2746 789 2807 Das
819 2747 876 2807 diis
906 2749 957 2806 das
981 2766 1093 2807 wasser

72 2837 219 2917 anaiade,
242 2836 352 2897 schnee
375 2836 550 2917 vermeriae,
573 2837 626 2897 der
649 2837 725 2896 haan
744 2836 845 2917 hacke,
869 2843 924 2895 etc.
944 2843 999 2895 etc.
1035 2835 1093 2895 Sed

71 2927 147 2989 haec
175 2944 236 2986 non
263 2925 374 2986 habent
401 2924 526 2985 multum
555 2927 590 2985 ad
626 2926 808 3005 significare3
840 2926 953 3002 poteris
986 2931 1015 2983 te
1044 2925 1093 2985 hic

72 3015 234 3095 aliquando
257 3033 396 3095 purgare,
418 3017 478 3074 nisi
500 3018 623 3074 materia
646 3016 761 3092 peccati
783 3015 910 3072 nimium
934 3013 1093 3073 adhaereat

71 3114 102 3167 et
126 3104 224 3166 adhuc
246 3122 352 3164 recens
376 3106 427 3164 sit:
450 3111 513 3164 tum
537 3106 617 3164 enim
641 3102 784 3163 diabolice
804 3102 926 3161 sordere
947 3100 1031 3183 solet,
1056 3120 1092 3162 ex

71 3194 259 3256 modicorum
282 3195 429 3253 sententia
458 3200 487 3252 et
514 3195 578 3272 ipsa
602 3193 794 3270 experientia.
840 3190 915 3250 lllud
938 3209 1008 3251 vero
1033 3210 1093 3252 non

70 3287 185 3365 patitur
208 3301 240 3343 se
260 3284 409 3363 excusari,
432 3282 510 3361 quod
531 3281 626 3343 (deses
645 3289 711 3341 tuas
731 3280 767 3340 de
786 3282 906 3340 iniuriis
925 3281 999 3341 mihi
1018 3301 1092 3342 non-

70 3375 144 3436 dum
168 3374 302 3453 miseris3
330 3372 407 3432 forte
430 3390 447 3431 a
466 3370 576 3432 Oeoria
599 3370 634 3430 ad
659 3372 764 3448 praxin
787 3388 856 3430 mox
876 3370 982 3431 saltare
1007 3374 1092 3448 cupis

71 3472 102 3525 et
125 3465 222 3542 ipsam
245 3463 384 3522 iniuriam
408 3463 440 3522 in
462 3479 511 3523 me
534 3461 705 3524 exercere'
736 3459 847 3521 Nolim
864 3469 900 3520 te
914 3460 984 3518 *noc
999 3457 1119 3513 ninere

65 3559 119 3611 ant
141 3550 197 3610 tilii
216 3550 359 3634 suadere3
386 3551 497 3633 Spirae
522 3555 669 3618 nondum
689 3554 803 3636 luisti,
830 3568 913 3632 onae
934 3546 1024 3605 mxxix
1038 3549 1147 3612 mil*

948 3641 990 3695 ep*
