2364 3832
511 179 649 252 epistolae
1042 181 1083 248 91

63 329 249 409 exemplaria
272 349 289 391 a
311 348 368 410 me,
391 329 445 391 sed
468 332 671 391 stratiotarum
694 333 831 392 excursio
855 333 963 392 itinera
987 335 1085 393 omnia

64 428 98 481 et
122 421 300 480 commercia
323 420 523 499 interrumpit.
570 419 755 499 Scripseram
782 420 838 480 tibi
861 428 929 481 ante
953 425 1084 500 quinque

64 526 201 589 menses,
224 507 417 587 Rutgersium
440 517 470 568 et
491 508 647 569 Heinsium
670 509 809 569 meditari
832 509 992 570 editionem
1016 510 1085 590 Epi-

64 596 213 659 stularum
234 596 292 658 los.
316 596 460 676 Scaligeri
487 596 685 677 arbitrarique
713 601 812 678 ipsum
840 605 870 659 et
896 598 952 659 tibi
980 606 1008 658 et
1036 602 1084 677 pie

63 687 216 748 defunctis
230 685 350 766 Gentili‚
363 680 618 768 Rittershusio⁴⁴⁰‚
635 687 770 748 Piccarto
785 689 904 767 saepius
919 689 1084 766 scripsisse.

65 775 124 837 Eas
147 775 251 836 literas
275 775 406 837 libenter
426 775 492 836 aliis
515 775 722 837 admiscerent.
756 776 849 836 Nemo
874 778 1006 836 omnium
1031 784 1086 856 est,

65 866 119 944 qui
143 866 299 943 negotium
325 864 406 925 istud
434 865 583 925 eiiicacins
613 865 801 926 dexteriusre
831 867 961 944 exsequi
983 872 1086 944 posset

63 973 155 1034 quarn
177 961 226 1034 tu,
255 955 298 1014 mi
319 952 406 1034 Dne.;
438 955 538 1032 itaque
571 956 597 1014 si
624 954 756 1014 nondum
779 951 973 1015 transmisisti
1000 956 1084 1034 ipsis,

64 1043 146 1122 quod
165 1061 214 1103 me
234 1043 398 1121 interprete
412 1042 552 1121 petebant
566 1041 742 1122 Rutgersius
757 1050 787 1103 et
800 1042 951 1124 Heinsius,
975 1061 1084 1122 quaeso

63 1131 214 1212 adnitere,
247 1133 292 1191 uti
318 1133 453 1210 proxime
482 1131 512 1191 id
539 1134 757 1193 nanciscantur.
803 1131 865 1212 Ego
895 1133 1084 1193 decreveram

62 1219 249 1281 descendere
272 1219 309 1280 ad
332 1213 499 1301 Frisios⁴⁴¹‚
522 1221 574 1281 ubi
596 1221 722 1282 vocabar
746 1221 853 1282 salario
871 1218 938 1284 400
957 1221 1084 1301 amplius

63 1309 325 1390 loacbimicorum3
344 1308 397 1370 sed
416 1310 487 1369 dum
505 1328 552 1369 me
572 1312 674 1370 itineri
692 1329 773 1390 paro,
792 1311 862 1371 dum
882 1331 950 1372 vasa
969 1311 1084 1392 colligo,

62 1398 137 1458 dum
160 1415 227 1458 snm
252 1400 284 1458 in
307 1399 473 1479 procinctu,
496 1400 593 1459 iniicit
610 1400 684 1459 mibi
702 1418 823 1460 manum
842 1419 925 1460 amor
938 1400 1083 1461 Palatina·

64 1495 128 1568 tus,
160 1505 244 1548 amor
272 1486 349 1547 filiae
377 1487 508 1565 reliquae
537 1506 632 1567 exque
661 1507 695 1548 ea
723 1496 864 1567 nepotum
894 1491 1084 1567 retinentque

66 1575 200 1637 Brettaez
222 1575 276 1637 ubi
298 1577 418 1655 moriar,
442 1578 468 1636 si
490 1575 551 1636 Deo
574 1576 728 1655 placuerit.
773 1576 870 1637 Arbor
893 1585 953 1637 tam
977 1596 1043 1637 sera
1067 1596 1083 1636 e

64 1664 217 1725 montibus
255 1664 291 1725 ad
323 1663 447 1744 paludes
483 1668 612 1726 transire
650 1684 708 1724 non
740 1673 844 1743 posset
880 1667 944 1725 sine
977 1667 1083 1726 mortis

64 1753 208 1832 periculo.
256 1753 288 1814 Si
319 1755 436 1814 animus
469 1762 549 1816 esset
582 1755 651 1815 huic
688 1753 849 1834 migrandi,
887 1753 1083 1814 concederem

63 1845 164 1921 potius
187 1835 378 1903 flamiamffl.
423 1841 469 1902 lbi
495 1846 575 1904 enim
602 1845 712 1903 invitor
742 1836 909 1904 invidendis
932 1845 1083 1924 praemiis,

65 1950 125 1992 non
149 1938 182 1992 nt
204 1931 455 2011 praelectionibus
474 1931 760 2011 disputationibusve
779 1935 909 2011 praesim
927 1935 1082 2013 iuventuti,

66 2020 118 2080 sed
142 2027 175 2080 ut
198 2022 228 2081 ei
251 2019 355 2081 saltem
383 2022 498 2099 copiam
528 2022 634 2081 faciam
657 2041 739 2082 meae
762 2025 956 2100 praesentiae.
1001 2022 1082 2082 Rene

67 2111 106 2168 sit
128 2111 193 2188 regi
215 2109 273 2190 illi,
301 2111 353 2189 qui
375 2111 450 2169 tanti
473 2110 543 2170 iacit
565 2109 666 2171 literas
694 2110 886 2190 literatosque
914 2118 999 2191 tunc,
1031 2111 1083 2172 ubi

66 2197 101 2257 ab
126 2197 265 2259 omnibus
289 2205 527 2259 contemnuntur.
573 2194 749 2259 rlmeliae443
772 2207 891 2259 nostrae
915 2206 948 2258 ut
972 2201 1082 2277 optima

68 2289 166 2347 omnia
188 2305 287 2367 spero,
310 2289 351 2347 ita
375 2294 405 2347 et
427 2295 527 2349 metuo
550 2290 688 2367 pessima.
735 2286 789 2346 Dn.
813 2286 977 2347 Frebeium
1000 2294 1081 2346 recte

69 2375 164 2437 valere
188 2375 310 2454 gaudeo.
342 2374 461 2436 Utinam
480 2383 510 2437 et
528 2383 557 2437 te
577 2377 694 2437 audiam
714 2377 824 2454 optime
843 2373 999 2456 valentem,
1022 2393 1082 2435 non

67 2465 124 2524 iam
147 2462 274 2544 amplius
297 2472 347 2525 tua
371 2484 473 2546 causa,
501 2465 553 2526 sed
576 2464 708 2545 publica,
739 2471 840 2543 utpote
864 2466 915 2542 qui
939 2463 1082 2525 cancella-

69 2555 129 2613 rius
152 2547 366 2614 academiae444
388 2557 507 2614 nomine
536 2573 571 2614 eo
595 2561 676 2614 certe
704 2562 733 2614 te
756 2554 922 2633 praestabis
950 2555 1081 2634 dignum.

70 2639 204 2703 Gratulor
226 2642 282 2703 tibi
300 2643 379 2703 bunc
397 2643 550 2723 honorem,
572 2646 663 2703 immo
677 2643 770 2704 Musis
790 2652 820 2703 et
833 2643 969 2722 Apollini.
1003 2643 1082 2704 Nou-

71 2726 137 2790 dum
159 2733 245 2792 mitto
269 2731 395 2792 Carmen
418 2750 506 2792 suum
529 2731 582 2792 Dn.
606 2726 827 2812 Hoimanno⁴⁴⁵,
849 2732 936 2811 plane
956 2733 1081 2809 impedi-

10 2836 12 2897 ᾗ
72 2825 124 2899 tus,
147 2820 199 2881 sed
223 2827 323 2881 tamen
340 2820 448 2881 multas
467 2821 577 2881 salutes
597 2824 625 2881 ei
644 2840 681 2881 ne
700 2821 832 2900 graveris
851 2823 1081 2899 communicare,

73 2906 227 2983 plurimum
250 2928 331 2990 rogo,
354 2917 387 2970 ut
411 2917 440 2970 et
460 2909 515 2969 Dn.
539 2909 699 2991 Virdungo‚
723 2909 775 2969 Du.
799 2902 989 2969 nlauritiossi.
1036 2907 1080 2967 Tu

74 3012 183 3077 quoque
206 2997 270 3058 vale
294 3005 324 3058 et
343 2998 430 3079 salve,
453 3001 616 3059 amicormn
636 2999 862 3079 officiosissime,
886 2997 922 3057 ab
942 2996 1079 3056 omnibus

74 3085 161 3147 modis
182 3094 236 3147 tuo
260 3086 343 3147 lano
362 3087 526 3149 Grutero.

114 3185 296 3275 (Brettae),
319 3193 461 3272 postridie
484 3193 652 3254 Palmarum
672 3186 800 3276 (1625).
