2370 3840
102 160 146 225 56
538 159 558 215 Ι,
579 158 691 214 Gruteri

105 328 163 371 neo
194 316 239 370 sat
270 308 350 369 limis
384 309 505 388 quidem
536 308 571 368 ad
604 307 757 369 Musarum
789 316 907 369 montes
945 310 1126 388 respiciendi

106 397 238 459 facultas,
289 398 385 459 Pudet
416 400 497 458 enim
528 404 589 457 tam
623 396 675 457 diu
707 397 817 458 debere
849 416 915 458 rem
949 401 1033 459 omni
1064 401 1126 459 iure

106 485 338 569 dissolvendam,
368 489 472 566 utique
497 504 565 547 cum
590 487 747 564 scripserit
770 485 841 547 olim
863 489 1031 566 imperator
1055 491 1127 568 quis,

108 577 185 656 apud
208 577 408 637 verecundam
435 577 648 636 conscientiam
672 574 820 636 mendacii
847 593 943 654 genus
971 594 1040 637 esse
1062 595 1126 656 pro·

107 667 199 726 missa
229 659 403 726 tardare²⁶⁵.
448 664 558 725 Verum
588 682 656 724 cum
686 663 736 724 hic
768 666 800 725 iu
829 682 913 725 mora
943 664 1062 727 nullum
1091 669 1126 726 sit

106 755 276 835 periculum
299 756 457 833 aequitatis
479 760 558 834 tuae,
580 751 725 813 voluntati
743 755 873 814 suaviter
891 756 1062 832 acquiesco.
1097 754 1126 814 Si

109 844 158 904 hio
180 846 275 924 pestis
293 843 382 903 latius
401 849 432 903 et
449 842 560 903 lentius
584 859 718 920 grassare
738 835 932 923 coeperit²⁶⁶‚
962 843 1042 904 forte
1066 846 1126 924 erit,

107 940 142 993 ut
166 933 200 993 ad
225 951 277 993 vos
300 932 385 992 brevi
409 949 564 992 excurram
593 938 624 991 et
650 949 711 990 non
737 933 797 991 iam
824 931 953 1009 imagine
983 935 1127 992 sermonis

107 1029 184 1103 utar,
207 1022 259 1082 sed
283 1024 362 1081 veris
390 1021 473 1081 iruar
501 1019 657 1098 capitibus.
702 1019 826 1080 Interim
852 1021 941 1081 vivite
970 1028 1003 1081 et
1030 1020 1128 1101 valete,

108 1113 196 1171 amici
220 1113 333 1190 optimi.

153 1217 429 1296 Heidelbergae,
453 1216 500 1276 die
526 1213 577 1278 28.
598 1215 678 1294 Sept.
699 1211 794 1278 1596.

205 1324 287 1383 Tuus
311 1324 392 1383 omui
415 1323 473 1382 lide
496 1321 602 1383 lanus
626 1321 806 1383 Gruterus
830 1322 872 1383 de
896 1321 1086 1403 Gruytere.

238 1511 293 1581 44.
324 1514 350 1581 Ι.
374 1513 533 1582 Gruterus
557 1512 588 1580 d.
611 1512 834 1581 Rittershnsio
858 1513 919 1581 sal.
944 1513 992 1602 pl.

110 1637 374 1708 Heidelbergae.
926 1641 951 1691 4.
970 1635 1033 1692 Ian.
1054 1643 1129 1692 159⁷.

177 1734 257 1794 Bene
281 1739 454 1812 occupatam
477 1724 732 1792 Thalwenzelii²⁶⁷
759 1733 819 1791 mei
842 1732 1130 1793 commendationem

111 1831 141 1884 et
172 1824 247 1883 mihi
279 1829 310 1882 et
340 1821 397 1882 tibi
428 1820 551 1899 gaudeo.
601 1819 663 1880 Nos
698 1813 847 1880 Βοεῑίο268
883 1821 1011 1900 quodvis
1043 1822 1133 1882 officii

112 1930 206 1991 genus
230 1910 358 1970 libenter
386 1911 649 1989 impertiissemus,
677 1910 737 1968 nisi
764 1927 780 1968 a
807 1911 905 1988 prima
933 1908 1030 1971 salute
1058 1929 1132 1972 nun-

113 2018 201 2078 quam
224 2017 272 2058 me
296 1997 461 2058 revidisset.
509 1998 626 2078 Spiram
654 1999 839 2058 concessisse
866 2001 925 2059 iam
953 1998 1076 2079 pridem
1099 2019 1134 2061 ex

111 2090 173 2149 tuis
192 2086 334 2165 intelligo.
370 2086 426 2147 Hic
445 2087 532 2147 nohis
551 2089 712 2147 etiamnum
736 2089 824 2147 statio
843 2084 903 2168 est',
927 2091 1022 2148 certis
1040 2088 1133 2150 Deum

112 2177 213 2238 lumen
237 2174 310 2237 illud
337 2193 477 2254 maguum
505 2194 598 2254 aeque
628 2175 684 2236 hoo
711 2174 776 2236 loco
804 2177 836 2235 in
863 2194 918 2236 nos
946 2176 1133 2239 directurum

113 2286 201 2346 quam
226 2264 304 2327 alibi.
351 2265 449 2334 Qurrm
471 2272 570 2325 tamen
593 2263 678 2324 rideo
706 2266 832 2324 ataxiam
858 2265 961 2344 populi
990 2273 1022 2327 et
1045 2285 1133 2347 quam

112 2375 172 2417 non
191 2358 284 2417 vitent
303 2354 351 2416 lue
371 2357 429 2415 ista
447 2354 583 2434 inlectos,
602 2353 654 2413 sed
674 2355 862 2414 immisceant
880 2372 912 2414 se
930 2372 1024 2434 porro
1043 2358 1133 2436 sanis,

112 2445 205 2524 dolet,
233 2443 312 2523 quod
335 2443 405 2503 hinc
432 2461 492 2503 non
521 2442 644 2502 abierim
669 2460 737 2502 oum
764 2441 840 2503 aliis.
886 2442 1030 2522 Cogimur
1054 2447 1133 2505 enim

113 2540 164 2594 aut
191 2539 335 2611 perpetuo
364 2531 500 2592 desidere
528 2531 609 2591 domi
637 2529 694 2590 soli
721 2537 771 2590 aut
801 2530 986 2610 prodeuntes
1019 2536 1133 2595 muniri

113 2621 290 2702 pharmacis,
314 2638 389 2697 quae
413 2622 442 2679 vi
465 2639 518 2681 sua
538 2621 657 2698 corpori
675 2619 795 2679 tandem
812 2627 948 2701 noceant,
972 2622 1133 2700 quodiam

115 2727 185 2771 sane
209 2727 275 2769 meo
300 2707 415 2769 accidit.
453 2708 562 2770 Casum
584 2710 790 2786 gravissimum
814 2708 891 2788 quod
911 2727 1032 2770 mecum
1052 2710 1134 2772 doles

114 2799 241 2862 familiae
265 2803 395 2878 nostrae,
418 2815 545 2876 agnosco
570 2799 601 2858 in
624 2815 659 2857 eo
683 2815 815 2857 amorem
833 2805 919 2858 tuum
937 2801 1008 2859 mei.
1040 2802 1081 2862 At
1099 2819 1133 2861 eo

114 2907 184 2951 sane
213 2891 254 2949 ita
283 2904 337 2966 ego
365 2887 477 2947 tractus
506 2904 586 2966 sum,
618 2893 651 2946 ut
674 2884 747 2946 nihil
774 2888 965 2948 meminerim
988 2890 1134 2950 accidisse

113 2979 183 3040 huic
206 2979 322 3058 pectori
345 2977 477 3056 gravius,
505 2993 561 3035 neo
585 2976 649 3035 sine
673 2993 770 3035 causa.
814 2974 1029 3056 Praeterquam
1054 2981 1134 3039 enim

114 3068 193 3148 quod
216 3065 366 3146 praesidio
389 3065 474 3124 fruor
497 3065 616 3144 insigni,
639 3063 813 3124 reciderunt
833 3066 865 3124 in
883 3064 1027 3126 humeros
1051 3085 1135 3128 meos

114 3157 206 3217 multa
233 3154 404 3216 insolentia:
437 3150 567 3214 curatela
594 3152 705 3232 affinis,
737 3152 954 3214 administratio
984 3153 1135 3217 bonorum

115 3244 240 3322 aliaque,
264 3261 338 3323 quae
363 3243 521 3303 catenatim
539 3239 609 3301 talia
628 3243 772 3320 consequi
787 3241 890 3302 solent.
928 3241 1046 3305 Literas
1066 3252 1136 3307 tuas

116 3337 283 3411 opportuno
306 3337 441 3409 tempore
464 3337 570 3391 nactus
594 3348 668 3389 sum.
706 3330 771 3399 Quo
794 3332 875 3391 enim
898 3330 946 3391 die
970 3331 1137 3397 abituribat

115 3419 263 3480 Generum
288 3416 489 3479 Commeliuus
512 3425 625 3500 noster,
647 3418 745 3478 eidem
767 3418 886 3480 tradidi.
918 3421 1022 3501 Aquo
1041 3422 1137 3485 habes

92 3510 171 3589 ista,
207 3526 286 3587 quae
323 3506 416 3570 rides,
465 3508 621 3572 Nonnulla
654 3528 692 3570 en
725 3510 771 3568 eis
797 3507 873 3585 leg'r.
913 3507 996 3576 itum
1021 3509 1139 3573 dicandi
