<?xml version="1.0" encoding="UTF-8"?>
<!DOCTYPE html PUBLIC "-//W3C//DTD XHTML 1.0 Transitional//EN"
    "http://www.w3.org/TR/xhtml1/DTD/xhtml1-transitional.dtd">
<html xmlns="http://www.w3.org/1999/xhtml" xml:lang="en" lang="en">
 <head>
  <title>
</title>
<meta http-equiv="Content-Type" content="text/html;charset=utf-8" />
  <meta name='ocr-system' content='tesseract 3.04.00' />
  <meta name='ocr-capabilities' content='ocr_page ocr_carea ocr_par ocr_line ocrx_word'/>
</head>
<body>
  <div class='ocr_page' id='page_1' title='image "./virorumclarorum00meligoog_0129.png"; bbox 0 0 2370 3840; ppageno 0'>
   <div class='ocr_carea' id='block_1_1' title="bbox 118 177 735 249">
    <p class='ocr_par' dir='ltr' id='par_1_1' title="bbox 118 177 735 249">
     <span class='ocr_line' id='line_1_1' title="bbox 118 177 735 249; baseline -0.015 -8"><span class='ocrx_word' id='word_1_1' title='bbox 118 177 183 241; x_wconf 76' lang='lat'><strong>112</strong></span> <span class='ocrx_word' id='word_1_2' title='bbox 510 177 545 234; x_wconf 84' lang='grc' dir='ltr'><strong>Η.</strong></span> <span class='ocrx_word' id='word_1_3' title='bbox 564 178 735 249; x_wconf 76' lang='lat' dir='ltr'><strong>Theocringi</strong></span> 
     </span>
    </p>
   </div>
   <div class='ocr_carea' id='block_1_2' title="bbox 93 327 1144 2728">
    <p class='ocr_par' dir='ltr' id='par_1_2' title="bbox 93 327 1144 2728">
     <span class='ocr_line' id='line_1_2' title="bbox 118 327 1139 408; baseline 0.001 -21"><span class='ocrx_word' id='word_1_4' title='bbox 118 334 236 408; x_wconf 85' lang='lat' dir='ltr'><strong>parunt,</strong></span> <span class='ocrx_word' id='word_1_5' title='bbox 259 330 399 406; x_wconf 79' lang='lat' dir='ltr'><strong>aequiore</strong></span> <span class='ocrx_word' id='word_1_6' title='bbox 423 329 520 387; x_wconf 93' lang='lat' dir='ltr'><strong>animo</strong></span> <span class='ocrx_word' id='word_1_7' title='bbox 545 328 623 388; x_wconf 82' lang='lat' dir='ltr'><strong>ferre</strong></span> <span class='ocrx_word' id='word_1_8' title='bbox 647 335 677 388; x_wconf 92' lang='lat' dir='ltr'><strong>et</strong></span> <span class='ocrx_word' id='word_1_9' title='bbox 699 335 767 408; x_wconf 89' lang='lat' dir='ltr'><strong>post</strong></span> <span class='ocrx_word' id='word_1_10' title='bbox 786 331 842 390; x_wconf 90' lang='lat' dir='ltr'><strong>ista</strong></span> <span class='ocrx_word' id='word_1_11' title='bbox 861 328 963 390; x_wconf 91' lang='lat' dir='ltr'><strong>nubila</strong></span> <span class='ocrx_word' id='word_1_12' title='bbox 982 327 1139 389; x_wconf 84' lang='lat' dir='ltr'><strong>Phoebum</strong></span> 
     </span>
     <span class='ocr_line' id='line_1_3' title="bbox 119 416 1139 496; baseline 0.001 -20"><span class='ocrx_word' id='word_1_13' title='bbox 119 418 302 477; x_wconf 80' lang='lat' dir='ltr'><strong>sereniorem</strong></span> <span class='ocrx_word' id='word_1_14' title='bbox 325 423 482 496; x_wconf 85' lang='lat' dir='ltr'><strong>expectare</strong></span> <span class='ocrx_word' id='word_1_15' title='bbox 506 435 621 495; x_wconf 90' lang='lat' dir='ltr'><strong>queam.</strong></span> <span class='ocrx_word' id='word_1_16' title='bbox 663 416 761 477; x_wconf 88' lang='lat' dir='ltr'>Nolim</span> <span class='ocrx_word' id='word_1_17' title='bbox 784 420 865 478; x_wconf 91' lang='lat' dir='ltr'><strong>enim</strong></span> <span class='ocrx_word' id='word_1_18' title='bbox 887 418 935 478; x_wconf 93' lang='lat' dir='ltr'><strong>his</strong></span> <span class='ocrx_word' id='word_1_19' title='bbox 954 417 1139 479; x_wconf 90' lang='lat' dir='ltr'><strong>turbulentis</strong></span> 
     </span>
     <span class='ocr_line' id='line_1_4' title="bbox 119 504 1140 587; baseline 0 -21"><span class='ocrx_word' id='word_1_20' title='bbox 119 512 150 566; x_wconf 90' lang='lat' dir='ltr'><strong>ct</strong></span> <span class='ocrx_word' id='word_1_21' title='bbox 176 507 254 566; x_wconf 90' lang='lat' dir='ltr'><strong>caris</strong></span> <span class='ocrx_word' id='word_1_22' title='bbox 283 505 466 585; x_wconf 84' lang='lat' dir='ltr'><strong>temporibus</strong></span> <span class='ocrx_word' id='word_1_23' title='bbox 493 504 563 566; x_wconf 88' lang='lat' dir='ltr'><strong>ullis</strong></span> <span class='ocrx_word' id='word_1_24' title='bbox 591 524 639 566; x_wconf 91' lang='lat' dir='ltr'><strong>me</strong></span> <span class='ocrx_word' id='word_1_25' title='bbox 667 506 793 568; x_wconf 81' lang='lat' dir='ltr'><strong>vinculis</strong></span> <span class='ocrx_word' id='word_1_26' title='bbox 821 509 960 587; x_wconf 83' lang='lat' dir='ltr'><strong>astringi,</strong></span> <span class='ocrx_word' id='word_1_27' title='bbox 989 509 1022 567; x_wconf 90' lang='lat' dir='ltr'><strong>ni</strong></span> <span class='ocrx_word' id='word_1_28' title='bbox 1052 508 1140 569; x_wconf 91' lang='lat' dir='ltr'><strong>aliter</strong></span> 
     </span>
     <span class='ocr_line' id='line_1_5' title="bbox 118 593 1140 657; baseline 0.003 -3"><span class='ocrx_word' id='word_1_29' title='bbox 118 593 179 655; x_wconf 86' lang='lat' dir='ltr'><strong>Deo</strong></span> <span class='ocrx_word' id='word_1_30' title='bbox 202 597 299 655; x_wconf 78' lang='lat' dir='ltr'><strong>risum</strong></span> <span class='ocrx_word' id='word_1_31' title='bbox 323 596 421 655; x_wconf 87' lang='lat' dir='ltr'><strong>fuerit.</strong></span> <span class='ocrx_word' id='word_1_32' title='bbox 458 595 592 656; x_wconf 89' lang='lat' dir='ltr'><strong>lnaudita</strong></span> <span class='ocrx_word' id='word_1_33' title='bbox 615 613 670 656; x_wconf 94' lang='lat' dir='ltr'><strong>nos</strong></span> <span class='ocrx_word' id='word_1_34' title='bbox 692 596 741 657; x_wconf 92' lang='lat' dir='ltr'><strong>hic</strong></span> <span class='ocrx_word' id='word_1_35' title='bbox 764 602 851 657; x_wconf 83' lang='lat' dir='ltr'><strong>vexat</strong></span> <span class='ocrx_word' id='word_1_36' title='bbox 873 614 1007 657; x_wconf 90' lang='lat' dir='ltr'><strong>annonae</strong></span> <span class='ocrx_word' id='word_1_37' title='bbox 1028 600 1140 657; x_wconf 90' lang='lat' dir='ltr'><strong>caritas</strong></span> 
     </span>
     <span class='ocr_line' id='line_1_6' title="bbox 119 684 1141 763; baseline 0.002 -19"><span class='ocrx_word' id='word_1_38' title='bbox 119 702 175 745; x_wconf 90' lang='lat' dir='ltr'><strong>nec</strong></span> <span class='ocrx_word' id='word_1_39' title='bbox 197 702 291 744; x_wconf 87' lang='lat' dir='ltr'><strong>vanus</strong></span> <span class='ocrx_word' id='word_1_40' title='bbox 314 691 360 745; x_wconf 90' lang='lat' dir='ltr'><strong>est</strong></span> <span class='ocrx_word' id='word_1_41' title='bbox 382 686 476 763; x_wconf 90' lang='lat' dir='ltr'><strong>pestis</strong></span> <span class='ocrx_word' id='word_1_42' title='bbox 495 691 526 744; x_wconf 92' lang='lat' dir='ltr'><strong>et</strong></span> <span class='ocrx_word' id='word_1_43' title='bbox 543 691 678 745; x_wconf 90' lang='lat' dir='ltr'><strong>motuum</strong></span> <span class='ocrx_word' id='word_1_44' title='bbox 696 684 872 746; x_wconf 90' lang='lat' dir='ltr'><strong>bellicorum</strong></span> <span class='ocrx_word' id='word_1_45' title='bbox 890 693 997 746; x_wconf 87' lang='lat' dir='ltr'><strong>metus</strong></span> <span class='ocrx_word' id='word_1_46' title='bbox 1037 685 1141 747; x_wconf 90' lang='lat' dir='ltr'><strong>Mone-</strong></span> 
     </span>
     <span class='ocr_line' id='line_1_7' title="bbox 118 772 1142 852; baseline 0.002 -19"><span class='ocrx_word' id='word_1_47' title='bbox 118 775 228 834; x_wconf 92' lang='lat' dir='ltr'><strong>tarium</strong></span> <span class='ocrx_word' id='word_1_48' title='bbox 264 772 374 834; x_wconf 91' lang='lat' dir='ltr'><strong>maium</strong></span> <span class='ocrx_word' id='word_1_49' title='bbox 410 773 520 833; x_wconf 90' lang='lat' dir='ltr'><strong>multos</strong></span> <span class='ocrx_word' id='word_1_50' title='bbox 556 774 761 852; x_wconf 88' lang='lat' dir='ltr'><strong>pessumdedit</strong></span> <span class='ocrx_word' id='word_1_51' title='bbox 797 781 826 835; x_wconf 91' lang='lat' dir='ltr'><strong>et</strong></span> <span class='ocrx_word' id='word_1_52' title='bbox 863 777 938 835; x_wconf 93' lang='lat' dir='ltr'><strong>mira</strong></span> <span class='ocrx_word' id='word_1_53' title='bbox 975 781 1142 836; x_wconf 88' lang='lat' dir='ltr'><strong>metamor·</strong></span> 
     </span>
     <span class='ocr_line' id='line_1_8' title="bbox 119 861 1141 944; baseline 0.004 -22"><span class='ocrx_word' id='word_1_54' title='bbox 119 862 216 942; x_wconf 79' lang='lat' dir='ltr'><strong>phursi</strong></span> <span class='ocrx_word' id='word_1_55' title='bbox 231 862 358 923; x_wconf 84' lang='lat' dir='ltr'><strong>Croesos</strong></span> <span class='ocrx_word' id='word_1_56' title='bbox 373 864 404 922; x_wconf 88' lang='lat' dir='ltr'><strong>in</strong></span> <span class='ocrx_word' id='word_1_57' title='bbox 418 862 491 943; x_wconf 91' lang='lat' dir='ltr'><strong>lros,</strong></span> <span class='ocrx_word' id='word_1_58' title='bbox 505 861 560 922; x_wconf 89' lang='lat' dir='ltr'><strong>bos</strong></span> <span class='ocrx_word' id='word_1_59' title='bbox 574 864 606 922; x_wconf 95' lang='lat' dir='ltr'><strong>in</strong></span> <span class='ocrx_word' id='word_1_60' title='bbox 620 862 687 922; x_wconf 89' lang='lat' dir='ltr'><strong>ilios</strong></span> <span class='ocrx_word' id='word_1_61' title='bbox 701 866 917 925; x_wconf 85' lang='lat' dir='ltr'><strong>transmutavit.</strong></span> <span class='ocrx_word' id='word_1_62' title='bbox 947 863 972 924; x_wconf 85' lang='grc' dir='ltr'>Ο</span> <span class='ocrx_word' id='word_1_63' title='bbox 986 864 1141 944; x_wconf 88' lang='lat' dir='ltr'><strong>tempora!</strong></span> 
     </span>
     <span class='ocr_line' id='line_1_9' title="bbox 120 951 1143 1034; baseline 0.003 -22"><span class='ocrx_word' id='word_1_64' title='bbox 120 971 195 1031; x_wconf 91' lang='lat' dir='ltr'><strong>qnae</strong></span> <span class='ocrx_word' id='word_1_65' title='bbox 224 953 250 1012; x_wconf 89' lang='lat' dir='ltr'><strong>si</strong></span> <span class='ocrx_word' id='word_1_66' title='bbox 273 953 314 1012; x_wconf 90' lang='lat' dir='ltr'><strong>ita</strong></span> <span class='ocrx_word' id='word_1_67' title='bbox 336 951 384 1012; x_wconf 92' lang='lat' dir='ltr'><strong>bis</strong></span> <span class='ocrx_word' id='word_1_68' title='bbox 407 954 438 1011; x_wconf 90' lang='lat' dir='ltr'><strong>in</strong></span> <span class='ocrx_word' id='word_1_69' title='bbox 462 951 535 1012; x_wconf 90' lang='lat' dir='ltr'><strong>locis</strong></span> <span class='ocrx_word' id='word_1_70' title='bbox 558 951 728 1012; x_wconf 91' lang='lat' dir='ltr'><strong>calamitosa</strong></span> <span class='ocrx_word' id='word_1_71' title='bbox 749 970 815 1014; x_wconf 90' lang='lat' dir='ltr'><strong>csse</strong></span> <span class='ocrx_word' id='word_1_72' title='bbox 838 954 1038 1034; x_wconf 88' lang='lat' dir='ltr'><strong>perrexerint,</strong></span> <span class='ocrx_word' id='word_1_73' title='bbox 1062 954 1143 1015; x_wconf 89' lang='lat' dir='ltr'><strong>forte</strong></span> 
     </span>
     <span class='ocr_line' id='line_1_10' title="bbox 118 1033 1142 1105; baseline 0.003 -4"><span class='ocrx_word' id='word_1_74' title='bbox 118 1033 325 1102; x_wconf 71' lang='lat' dir='ltr'><strong>iubilaeum⁵⁰³</strong></span> <span class='ocrx_word' id='word_1_75' title='bbox 351 1043 557 1102; x_wconf 89' lang='lat' dir='ltr'><strong>imminentem</strong></span> <span class='ocrx_word' id='word_1_76' title='bbox 585 1040 655 1101; x_wconf 92' lang='lat' dir='ltr'><strong>alibi</strong></span> <span class='ocrx_word' id='word_1_77' title='bbox 684 1041 850 1103; x_wconf 88' lang='lat' dir='ltr'><strong>celebrabo.</strong></span> <span class='ocrx_word' id='word_1_78' title='bbox 906 1041 984 1103; x_wconf 89' lang='lat' dir='ltr'><strong>Satis</strong></span> <span class='ocrx_word' id='word_1_79' title='bbox 1015 1043 1054 1104; x_wconf 90' lang='lat' dir='ltr'><strong>de</strong></span> <span class='ocrx_word' id='word_1_80' title='bbox 1082 1043 1142 1105; x_wconf 90' lang='lat' dir='ltr'><strong>his.</strong></span> 
     </span>
     <span class='ocr_line' id='line_1_11' title="bbox 119 1129 1143 1213; baseline 0.003 -23"><span class='ocrx_word' id='word_1_81' title='bbox 119 1130 193 1191; x_wconf 90' lang='lat' dir='ltr'><strong>lliud</strong></span> <span class='ocrx_word' id='word_1_82' title='bbox 222 1149 302 1192; x_wconf 91' lang='lat' dir='ltr'><strong>nunc</strong></span> <span class='ocrx_word' id='word_1_83' title='bbox 330 1130 405 1191; x_wconf 88' lang='lat' dir='ltr'><strong>addo</strong></span> <span class='ocrx_word' id='word_1_84' title='bbox 433 1149 481 1191; x_wconf 93' lang='lat' dir='ltr'><strong>me</strong></span> <span class='ocrx_word' id='word_1_85' title='bbox 504 1130 540 1191; x_wconf 92' lang='lat' dir='ltr'><strong>ab</strong></span> <span class='ocrx_word' id='word_1_86' title='bbox 567 1129 735 1192; x_wconf 88' lang='lat' dir='ltr'><strong>Humaniss.</strong></span> <span class='ocrx_word' id='word_1_87' title='bbox 768 1138 799 1192; x_wconf 92' lang='lat' dir='ltr'><strong>et</strong></span> <span class='ocrx_word' id='word_1_88' title='bbox 824 1130 898 1192; x_wconf 91' lang='lat' dir='ltr'><strong>Nob.</strong></span> <span class='ocrx_word' id='word_1_89' title='bbox 921 1131 975 1192; x_wconf 87' lang='lat' dir='ltr'><strong>Dn.</strong></span> <span class='ocrx_word' id='word_1_90' title='bbox 998 1131 1143 1213; x_wconf 89' lang='lat' dir='ltr'><strong>Philippo</strong></span> 
     </span>
     <span class='ocr_line' id='line_1_12' title="bbox 119 1212 1143 1300; baseline 0.003 -21"><span class='ocrx_word' id='word_1_91' title='bbox 119 1212 346 1280; x_wconf 81' lang='lat' dir='ltr'><strong>Hainhoiero⁶⁰4</strong></span> <span class='ocrx_word' id='word_1_92' title='bbox 376 1227 524 1300; x_wconf 87' lang='lat' dir='ltr'><strong>rogatum,</strong></span> <span class='ocrx_word' id='word_1_93' title='bbox 557 1226 590 1280; x_wconf 91' lang='lat' dir='ltr'><strong>ut</strong></span> <span class='ocrx_word' id='word_1_94' title='bbox 621 1222 652 1280; x_wconf 90' lang='lat' dir='ltr'><strong>in</strong></span> <span class='ocrx_word' id='word_1_95' title='bbox 679 1219 753 1281; x_wconf 88' lang='lat' dir='ltr'><strong>Nob.</strong></span> <span class='ocrx_word' id='word_1_96' title='bbox 776 1220 898 1281; x_wconf 89' lang='lat' dir='ltr'><strong>lunonis</strong></span> <span class='ocrx_word' id='word_1_97' title='bbox 922 1219 1094 1282; x_wconf 90' lang='lat' dir='ltr'><strong>Sebastiani</strong></span> <span class='ocrx_word' id='word_1_98' title='bbox 1127 1242 1143 1283; x_wconf 93' lang='lat' dir='ltr'><strong>a</strong></span> 
     </span>
     <span class='ocr_line' id='line_1_13' title="bbox 119 1303 1144 1390; baseline 0.005 -23"><span class='ocrx_word' id='word_1_99' title='bbox 119 1303 299 1369; x_wconf 80' lang='lat' dir='ltr'><strong>Perband⁵⁰⁵</strong></span> <span class='ocrx_word' id='word_1_100' title='bbox 333 1315 443 1368; x_wconf 89' lang='lat' dir='ltr'><strong>statum</strong></span> <span class='ocrx_word' id='word_1_101' title='bbox 474 1311 672 1390; x_wconf 80' lang='lat' dir='ltr'><strong>inquirerem,</strong></span> <span class='ocrx_word' id='word_1_102' title='bbox 705 1312 758 1387; x_wconf 92' lang='lat' dir='ltr'><strong>qui</strong></span> <span class='ocrx_word' id='word_1_103' title='bbox 784 1328 878 1389; x_wconf 90' lang='lat' dir='ltr'><strong>prope</strong></span> <span class='ocrx_word' id='word_1_104' title='bbox 905 1309 1144 1388; x_wconf 88' lang='lat' dir='ltr'><strong>Regiomontum</strong></span> 
     </span>
     <span class='ocr_line' id='line_1_14' title="bbox 93 1390 1142 1482; baseline 0.004 -26"><span class='ocrx_word' id='word_1_105' title='bbox 93 1430 95 1435; x_wconf 94' lang='lat'>·</span> <span class='ocrx_word' id='word_1_106' title='bbox 121 1391 179 1480; x_wconf 84' lang='lat' dir='ltr'><strong>(Zu</strong></span> <span class='ocrx_word' id='word_1_107' title='bbox 194 1390 364 1479; x_wconf 73' lang='lat' dir='ltr'><strong>Nanten⁵⁰⁰,</strong></span> <span class='ocrx_word' id='word_1_108' title='bbox 382 1415 457 1476; x_wconf 86' lang='lat' dir='ltr'><strong>pago</strong></span> <span class='ocrx_word' id='word_1_109' title='bbox 478 1416 515 1458; x_wconf 92' lang='lat' dir='ltr'><strong>an</strong></span> <span class='ocrx_word' id='word_1_110' title='bbox 534 1398 652 1478; x_wconf 92' lang='lat' dir='ltr'><strong>oppido,</strong></span> <span class='ocrx_word' id='word_1_111' title='bbox 670 1400 739 1476; x_wconf 91' lang='lat' dir='ltr'><strong>quis</strong></span> <span class='ocrx_word' id='word_1_112' title='bbox 756 1392 902 1482; x_wconf 82' lang='lat' dir='ltr'><strong>reseret?)</strong></span> <span class='ocrx_word' id='word_1_113' title='bbox 918 1399 995 1479; x_wconf 87' lang='lat' dir='ltr'><strong>apud</strong></span> <span class='ocrx_word' id='word_1_114' title='bbox 1011 1407 1142 1461; x_wconf 89' lang='lat' dir='ltr'><strong>matrem</strong></span> 
     </span>
     <span class='ocr_line' id='line_1_15' title="bbox 120 1486 1143 1569; baseline 0.003 -21"><span class='ocrx_word' id='word_1_115' title='bbox 120 1487 238 1548; x_wconf 89' lang='lat' dir='ltr'><strong>viduam</strong></span> <span class='ocrx_word' id='word_1_116' title='bbox 256 1486 389 1547; x_wconf 89' lang='lat' dir='ltr'><strong>habitare</strong></span> <span class='ocrx_word' id='word_1_117' title='bbox 409 1486 526 1547; x_wconf 89' lang='lat' dir='ltr'><strong>dicitur.</strong></span> <span class='ocrx_word' id='word_1_118' title='bbox 563 1487 592 1547; x_wconf 91' lang='lat' dir='ltr'><strong>ls</strong></span> <span class='ocrx_word' id='word_1_119' title='bbox 611 1488 678 1547; x_wconf 90' lang='lat' dir='ltr'><strong>dato</strong></span> <span class='ocrx_word' id='word_1_120' title='bbox 698 1487 921 1569; x_wconf 72' lang='lat' dir='ltr'><strong>chorographo,</strong></span> <span class='ocrx_word' id='word_1_121' title='bbox 945 1489 1027 1568; x_wconf 94' lang='lat' dir='ltr'><strong>quod</strong></span> <span class='ocrx_word' id='word_1_122' title='bbox 1046 1508 1143 1569; x_wconf 90' lang='lat' dir='ltr'><strong>penes</strong></span> 
     </span>
     <span class='ocr_line' id='line_1_16' title="bbox 119 1574 1142 1657; baseline 0.002 -20"><span class='ocrx_word' id='word_1_123' title='bbox 119 1596 167 1638; x_wconf 91' lang='lat' dir='ltr'><strong>me</strong></span> <span class='ocrx_word' id='word_1_124' title='bbox 201 1584 259 1657; x_wconf 90' lang='lat' dir='ltr'><strong>est,</strong></span> <span class='ocrx_word' id='word_1_125' title='bbox 293 1574 343 1638; x_wconf 87' lang='grc'><strong>16.</strong></span> <span class='ocrx_word' id='word_1_126' title='bbox 371 1576 543 1655; x_wconf 86' lang='lat' dir='ltr'><strong>Imperiales</strong></span> <span class='ocrx_word' id='word_1_127' title='bbox 576 1583 694 1637; x_wconf 89' lang='lat' dir='ltr'><strong>mutuos</strong></span> <span class='ocrx_word' id='word_1_128' title='bbox 727 1595 743 1636; x_wconf 94' lang='lat' dir='ltr'><strong>a</strong></span> <span class='ocrx_word' id='word_1_129' title='bbox 775 1576 828 1636; x_wconf 84' lang='lat' dir='ltr'><strong>Dn.</strong></span> <span class='ocrx_word' id='word_1_130' title='bbox 855 1574 1040 1638; x_wconf 85' lang='lat' dir='ltr'><strong>Hainboiero</strong></span> <span class='ocrx_word' id='word_1_131' title='bbox 1072 1585 1142 1639; x_wconf 88' lang='lat' dir='ltr'><strong>ante</strong></span> 
     </span>
     <span class='ocr_line' id='line_1_17' title="bbox 119 1665 1142 1746; baseline 0.002 -19"><span class='ocrx_word' id='word_1_132' title='bbox 119 1668 299 1727; x_wconf 89' lang='lat' dir='ltr'><strong>novennium</strong></span> <span class='ocrx_word' id='word_1_133' title='bbox 323 1668 437 1745; x_wconf 90' lang='lat' dir='ltr'><strong>accepit</strong></span> <span class='ocrx_word' id='word_1_134' title='bbox 459 1665 588 1726; x_wconf 89' lang='lat' dir='ltr'><strong>necdum</strong></span> <span class='ocrx_word' id='word_1_135' title='bbox 611 1667 751 1726; x_wconf 92' lang='lat' dir='ltr'><strong>restituit.</strong></span> <span class='ocrx_word' id='word_1_136' title='bbox 793 1666 922 1745; x_wconf 84' lang='lat' dir='ltr'><strong>Rogatus</strong></span> <span class='ocrx_word' id='word_1_137' title='bbox 946 1668 1050 1746; x_wconf 87' lang='lat' dir='ltr'><strong>itaque</strong></span> <span class='ocrx_word' id='word_1_138' title='bbox 1073 1687 1142 1729; x_wconf 93' lang='lat' dir='ltr'><strong>sum</strong></span> 
     </span>
     <span class='ocr_line' id='line_1_18' title="bbox 121 1754 1141 1836; baseline 0.002 -20"><span class='ocrx_word' id='word_1_139' title='bbox 121 1756 254 1816; x_wconf 91' lang='lat' dir='ltr'><strong>debitum</strong></span> <span class='ocrx_word' id='word_1_140' title='bbox 286 1755 359 1816; x_wconf 90' lang='lat' dir='ltr'><strong>iilud</strong></span> <span class='ocrx_word' id='word_1_141' title='bbox 392 1757 512 1833; x_wconf 81' lang='lat' dir='ltr'><strong>exigere</strong></span> <span class='ocrx_word' id='word_1_142' title='bbox 540 1757 571 1814; x_wconf 95' lang='lat' dir='ltr'><strong>in</strong></span> <span class='ocrx_word' id='word_1_143' title='bbox 599 1757 724 1834; x_wconf 84' lang='lat' dir='ltr'><strong>gratiam</strong></span> <span class='ocrx_word' id='word_1_144' title='bbox 751 1754 922 1836; x_wconf 81' lang='lat' dir='ltr'><strong>creditoris,</strong></span> <span class='ocrx_word' id='word_1_145' title='bbox 954 1756 1083 1817; x_wconf 82' lang='lat' dir='ltr'><strong>fautoris</strong></span> <span class='ocrx_word' id='word_1_146' title='bbox 1112 1766 1141 1818; x_wconf 94' lang='lat' dir='ltr'><strong>et</strong></span> 
     </span>
     <span class='ocr_line' id='line_1_19' title="bbox 120 1843 1140 1924; baseline 0.002 -19"><span class='ocrx_word' id='word_1_147' title='bbox 120 1847 208 1905; x_wconf 89' lang='lat' dir='ltr'><strong>amici</strong></span> <span class='ocrx_word' id='word_1_148' title='bbox 231 1846 291 1905; x_wconf 90' lang='lat' dir='ltr'><strong>mei</strong></span> <span class='ocrx_word' id='word_1_149' title='bbox 315 1846 431 1904; x_wconf 89' lang='lat' dir='ltr'><strong>summi.</strong></span> <span class='ocrx_word' id='word_1_150' title='bbox 476 1843 590 1922; x_wconf 84' lang='lat' dir='ltr'><strong>Scripsi</strong></span> <span class='ocrx_word' id='word_1_151' title='bbox 612 1862 667 1924; x_wconf 90' lang='lat' dir='ltr'><strong>per</strong></span> <span class='ocrx_word' id='word_1_152' title='bbox 690 1845 785 1904; x_wconf 83' lang='lat' dir='ltr'><strong>civem</strong></span> <span class='ocrx_word' id='word_1_153' title='bbox 806 1843 939 1923; x_wconf 88' lang='lat' dir='ltr'><strong>Regiom.</strong></span> <span class='ocrx_word' id='word_1_154' title='bbox 964 1845 1001 1905; x_wconf 94' lang='lat' dir='ltr'><strong>ad</strong></span> <span class='ocrx_word' id='word_1_155' title='bbox 1026 1846 1140 1907; x_wconf 91' lang='lat' dir='ltr'><strong>dictum</strong></span> 
     </span>
     <span class='ocr_line' id='line_1_20' title="bbox 119 1932 1138 2016; baseline 0.004 -24"><span class='ocrx_word' id='word_1_156' title='bbox 119 1932 320 2014; x_wconf 82' lang='lat' dir='ltr'><strong>Perbandum3</strong></span> <span class='ocrx_word' id='word_1_157' title='bbox 340 1950 517 2011; x_wconf 90' lang='lat' dir='ltr'><strong>responsum</strong></span> <span class='ocrx_word' id='word_1_158' title='bbox 536 1933 669 1993; x_wconf 90' lang='lat' dir='ltr'><strong>nondum</strong></span> <span class='ocrx_word' id='word_1_159' title='bbox 686 1933 755 2014; x_wconf 83' lang='lat' dir='ltr'><strong>tuli3</strong></span> <span class='ocrx_word' id='word_1_160' title='bbox 774 1935 857 1994; x_wconf 88' lang='lat' dir='ltr'><strong>vivus</strong></span> <span class='ocrx_word' id='word_1_161' title='bbox 876 1935 916 1994; x_wconf 90' lang='lat' dir='ltr'><strong>sit</strong></span> <span class='ocrx_word' id='word_1_162' title='bbox 934 1952 973 1995; x_wconf 93' lang='lat' dir='ltr'><strong>an</strong></span> <span class='ocrx_word' id='word_1_163' title='bbox 991 1942 1138 2016; x_wconf 91' lang='lat' dir='ltr'><strong>mortuus,</strong></span> 
     </span>
     <span class='ocr_line' id='line_1_21' title="bbox 120 2021 1140 2104; baseline 0.004 -23"><span class='ocrx_word' id='word_1_164' title='bbox 120 2024 233 2100; x_wconf 90' lang='lat' dir='ltr'><strong>ignoro.</strong></span> <span class='ocrx_word' id='word_1_165' title='bbox 279 2021 338 2101; x_wconf 85' lang='lat' dir='ltr'><strong>Tu,</strong></span> <span class='ocrx_word' id='word_1_166' title='bbox 366 2039 490 2102; x_wconf 92' lang='lat' dir='ltr'><strong>quaeso,</strong></span> <span class='ocrx_word' id='word_1_167' title='bbox 518 2023 636 2101; x_wconf 90' lang='lat' dir='ltr'><strong>inquire</strong></span> <span class='ocrx_word' id='word_1_168' title='bbox 665 2023 742 2102; x_wconf 92' lang='lat' dir='ltr'><strong>apud</strong></span> <span class='ocrx_word' id='word_1_169' title='bbox 766 2025 845 2083; x_wconf 90' lang='lat' dir='ltr'><strong>cives</strong></span> <span class='ocrx_word' id='word_1_170' title='bbox 867 2021 1059 2102; x_wconf 89' lang='lat' dir='ltr'><strong>Regiomonti</strong></span> <span class='ocrx_word' id='word_1_171' title='bbox 1082 2026 1140 2104; x_wconf 89' lang='lat' dir='ltr'><strong>ipsi</strong></span> 
     </span>
     <span class='ocr_line' id='line_1_22' title="bbox 122 2110 1137 2191; baseline 0.003 -20"><span class='ocrx_word' id='word_1_172' title='bbox 122 2112 323 2191; x_wconf 81' lang='lat' dir='ltr'><strong>cognomines,</strong></span> <span class='ocrx_word' id='word_1_173' title='bbox 342 2110 413 2190; x_wconf 93' lang='lat' dir='ltr'><strong>quid</strong></span> <span class='ocrx_word' id='word_1_174' title='bbox 432 2111 613 2190; x_wconf 92' lang='lat' dir='ltr'><strong>respondere</strong></span> <span class='ocrx_word' id='word_1_175' title='bbox 633 2110 685 2172; x_wconf 85' lang='lat' dir='ltr'><strong>Dn.</strong></span> <span class='ocrx_word' id='word_1_176' title='bbox 700 2110 880 2172; x_wconf 83' lang='lat' dir='ltr'><strong>Hainhofero</strong></span> <span class='ocrx_word' id='word_1_177' title='bbox 895 2111 1029 2174; x_wconf 91' lang='lat' dir='ltr'><strong>debeam.</strong></span> <span class='ocrx_word' id='word_1_178' title='bbox 1057 2113 1137 2174; x_wconf 78' lang='lat' dir='ltr'><strong>Adde</strong></span> 
     </span>
     <span class='ocr_line' id='line_1_23' title="bbox 123 2199 1137 2279; baseline 0.002 -19"><span class='ocrx_word' id='word_1_179' title='bbox 123 2199 268 2278; x_wconf 91' lang='lat' dir='ltr'><strong>quaedam</strong></span> <span class='ocrx_word' id='word_1_180' title='bbox 295 2199 332 2260; x_wconf 90' lang='lat' dir='ltr'><strong>de</strong></span> <span class='ocrx_word' id='word_1_181' title='bbox 361 2205 440 2260; x_wconf 92' lang='lat' dir='ltr'><strong>statu</strong></span> <span class='ocrx_word' id='word_1_182' title='bbox 468 2200 547 2261; x_wconf 89' lang='lat' dir='ltr'><strong>acad.</strong></span> <span class='ocrx_word' id='word_1_183' title='bbox 566 2208 683 2261; x_wconf 84' lang='lat' dir='ltr'><strong>vestrae</strong></span> <span class='ocrx_word' id='word_1_184' title='bbox 711 2208 741 2261; x_wconf 89' lang='lat' dir='ltr'><strong>et</strong></span> <span class='ocrx_word' id='word_1_185' title='bbox 769 2203 795 2260; x_wconf 93' lang='lat' dir='ltr'><strong>si</strong></span> <span class='ocrx_word' id='word_1_186' title='bbox 823 2219 896 2279; x_wconf 91' lang='lat' dir='ltr'><strong>quas</strong></span> <span class='ocrx_word' id='word_1_187' title='bbox 921 2200 1016 2263; x_wconf 90' lang='lat' dir='ltr'><strong>habes</strong></span> <span class='ocrx_word' id='word_1_188' title='bbox 1039 2203 1137 2264; x_wconf 89' lang='lat' dir='ltr'><strong>theses</strong></span> 
     </span>
     <span class='ocr_line' id='line_1_24' title="bbox 122 2289 1136 2371; baseline 0.002 -21"><span class='ocrx_word' id='word_1_189' title='bbox 122 2308 138 2349; x_wconf 91' lang='lat' dir='ltr'><strong>a</strong></span> <span class='ocrx_word' id='word_1_190' title='bbox 162 2289 326 2350; x_wconf 89' lang='lat' dir='ltr'><strong>candidatis</strong></span> <span class='ocrx_word' id='word_1_191' title='bbox 349 2291 457 2349; x_wconf 87' lang='lat' dir='ltr'><strong>vestris</strong></span> <span class='ocrx_word' id='word_1_192' title='bbox 480 2307 577 2369; x_wconf 90' lang='lat' dir='ltr'><strong>nuper</strong></span> <span class='ocrx_word' id='word_1_193' title='bbox 599 2292 780 2371; x_wconf 91' lang='lat' dir='ltr'><strong>propositas,</strong></span> <span class='ocrx_word' id='word_1_194' title='bbox 804 2290 958 2351; x_wconf 92' lang='lat' dir='ltr'><strong>commoda</strong></span> <span class='ocrx_word' id='word_1_195' title='bbox 982 2294 1136 2352; x_wconf 89' lang='lat' dir='ltr'><strong>occasione</strong></span> 
     </span>
     <span class='ocr_line' id='line_1_25' title="bbox 121 2378 1135 2459; baseline 0.002 -21"><span class='ocrx_word' id='word_1_196' title='bbox 121 2378 167 2440; x_wconf 91' lang='lat' dir='ltr'><strong>vel</strong></span> <span class='ocrx_word' id='word_1_197' title='bbox 190 2398 245 2459; x_wconf 92' lang='lat' dir='ltr'><strong>per</strong></span> <span class='ocrx_word' id='word_1_198' title='bbox 267 2379 346 2440; x_wconf 92' lang='lat' dir='ltr'><strong>hunc</strong></span> <span class='ocrx_word' id='word_1_199' title='bbox 370 2381 468 2457; x_wconf 92' lang='lat' dir='ltr'><strong>ipsum</strong></span> <span class='ocrx_word' id='word_1_200' title='bbox 492 2378 610 2439; x_wconf 86' lang='lat' dir='ltr'><strong>affinem</strong></span> <span class='ocrx_word' id='word_1_201' title='bbox 634 2397 734 2440; x_wconf 92' lang='lat' dir='ltr'><strong>meum</strong></span> <span class='ocrx_word' id='word_1_202' title='bbox 757 2379 831 2439; x_wconf 94' lang='lat' dir='ltr'><strong>mihi</strong></span> <span class='ocrx_word' id='word_1_203' title='bbox 853 2382 1033 2442; x_wconf 88' lang='lat' dir='ltr'><strong>transmitte.</strong></span> <span class='ocrx_word' id='word_1_204' title='bbox 1068 2380 1135 2440; x_wconf 81' lang='lat' dir='ltr'><strong>Pro</strong></span> 
     </span>
     <span class='ocr_line' id='line_1_26' title="bbox 123 2468 1134 2550; baseline 0.001 -23"><span class='ocrx_word' id='word_1_205' title='bbox 123 2468 271 2528; x_wconf 87' lang='lat' dir='ltr'><strong>fessorum</strong></span> <span class='ocrx_word' id='word_1_206' title='bbox 294 2470 415 2528; x_wconf 90' lang='lat' dir='ltr'><strong>nomina</strong></span> <span class='ocrx_word' id='word_1_207' title='bbox 439 2474 469 2528; x_wconf 90' lang='lat' dir='ltr'><strong>et</strong></span> <span class='ocrx_word' id='word_1_208' title='bbox 491 2469 600 2548; x_wconf 91' lang='lat' dir='ltr'><strong>munia,</strong></span> <span class='ocrx_word' id='word_1_209' title='bbox 625 2470 651 2528; x_wconf 92' lang='lat' dir='ltr'><strong>si</strong></span> <span class='ocrx_word' id='word_1_210' title='bbox 674 2486 762 2547; x_wconf 85' lang='lat' dir='ltr'><strong>grave</strong></span> <span class='ocrx_word' id='word_1_211' title='bbox 785 2485 845 2531; x_wconf 90' lang='lat' dir='ltr'><strong>non</strong></span> <span class='ocrx_word' id='word_1_212' title='bbox 864 2469 964 2550; x_wconf 82' lang='lat' dir='ltr'><strong>fuerit,</strong></span> <span class='ocrx_word' id='word_1_213' title='bbox 987 2487 1134 2530; x_wconf 90' lang='lat' dir='ltr'><strong>enumera.</strong></span> 
     </span>
     <span class='ocr_line' id='line_1_27' title="bbox 123 2555 1133 2639; baseline 0 -23"><span class='ocrx_word' id='word_1_214' title='bbox 123 2555 237 2627; x_wconf 82' lang='lat' dir='ltr'><strong>Quibus</strong></span> <span class='ocrx_word' id='word_1_215' title='bbox 261 2555 384 2636; x_wconf 89' lang='lat' dir='ltr'><strong>subiioe,</strong></span> <span class='ocrx_word' id='word_1_216' title='bbox 408 2559 434 2616; x_wconf 91' lang='lat' dir='ltr'><strong>si</strong></span> <span class='ocrx_word' id='word_1_217' title='bbox 458 2575 533 2635; x_wconf 92' lang='lat' dir='ltr'><strong>quae</strong></span> <span class='ocrx_word' id='word_1_218' title='bbox 556 2556 680 2619; x_wconf 88' lang='lat' dir='ltr'><strong>habebis</strong></span> <span class='ocrx_word' id='word_1_219' title='bbox 704 2557 769 2639; x_wconf 89' lang='lat' dir='ltr'><strong>alia,</strong></span> <span class='ocrx_word' id='word_1_220' title='bbox 793 2575 869 2636; x_wconf 91' lang='lat' dir='ltr'><strong>quae</strong></span> <span class='ocrx_word' id='word_1_221' title='bbox 892 2575 939 2618; x_wconf 90' lang='lat' dir='ltr'><strong>me</strong></span> <span class='ocrx_word' id='word_1_222' title='bbox 964 2560 1044 2619; x_wconf 90' lang='lat' dir='ltr'><strong>scire</strong></span> <span class='ocrx_word' id='word_1_223' title='bbox 1065 2556 1133 2620; x_wconf 86' lang='lat' dir='ltr'><strong>velie</strong></span> 
     </span>
     <span class='ocr_line' id='line_1_28' title="bbox 123 2644 1048 2728; baseline 0.005 -25"><span class='ocrx_word' id='word_1_224' title='bbox 123 2644 303 2724; x_wconf 76' lang='lat' dir='ltr'><strong>opinaberis,</strong></span> <span class='ocrx_word' id='word_1_225' title='bbox 348 2644 410 2728; x_wconf 89' lang='lat' dir='ltr'><strong>lam</strong></span> <span class='ocrx_word' id='word_1_226' title='bbox 432 2645 495 2706; x_wconf 90' lang='lat' dir='ltr'><strong>vale</strong></span> <span class='ocrx_word' id='word_1_227' title='bbox 519 2654 549 2706; x_wconf 90' lang='lat' dir='ltr'><strong>et</strong></span> <span class='ocrx_word' id='word_1_228' title='bbox 571 2665 619 2707; x_wconf 92' lang='lat' dir='ltr'><strong>me</strong></span> <span class='ocrx_word' id='word_1_229' title='bbox 643 2646 894 2707; x_wconf 90' lang='lat' dir='ltr'><strong>studiosissimum</strong></span> <span class='ocrx_word' id='word_1_230' title='bbox 918 2647 1048 2709; x_wconf 87' lang='lat' dir='ltr'><strong>redama.</strong></span> 
     </span>
    </p>
   </div>
   <div class='ocr_carea' id='block_1_3' title="bbox 121 2750 1131 3011">
    <p class='ocr_par' dir='ltr' id='par_1_3' title="bbox 121 2750 1131 3011">
     <span class='ocr_line' id='line_1_29' title="bbox 188 2750 1131 2834; baseline -0.001 -22"><span class='ocrx_word' id='word_1_231' title='bbox 188 2752 258 2813; x_wconf 84' lang='lat' dir='ltr'><strong>Dab.</strong></span> <span class='ocrx_word' id='word_1_232' title='bbox 283 2754 390 2831; x_wconf 94' lang='lat' dir='ltr'><strong>raptim</strong></span> <span class='ocrx_word' id='word_1_233' title='bbox 414 2750 590 2833; x_wconf 87' lang='lat' dir='ltr'><strong>Dantisci,</strong></span> <span class='ocrx_word' id='word_1_234' title='bbox 612 2755 644 2813; x_wconf 90' lang='lat' dir='ltr'><strong>in</strong></span> <span class='ocrx_word' id='word_1_235' title='bbox 669 2753 722 2814; x_wconf 93' lang='lat' dir='ltr'><strong>der</strong></span> <span class='ocrx_word' id='word_1_236' title='bbox 744 2751 989 2834; x_wconf 85' lang='lat' dir='ltr'><strong>Frawengassen,</strong></span> <span class='ocrx_word' id='word_1_237' title='bbox 1013 2753 1063 2816; x_wconf 89' lang='lat' dir='ltr'><strong>bei</strong></span> <span class='ocrx_word' id='word_1_238' title='bbox 1085 2752 1131 2814; x_wconf 93' lang='lat' dir='ltr'><strong>der</strong></span> 
     </span>
     <span class='ocr_line' id='line_1_30' title="bbox 123 2835 1127 2925; baseline 0 -23"><span class='ocrx_word' id='word_1_239' title='bbox 123 2841 170 2903; x_wconf 85' lang='lat' dir='ltr'><strong>Fr.</strong></span> <span class='ocrx_word' id='word_1_240' title='bbox 189 2841 281 2903; x_wconf 90' lang='lat' dir='ltr'><strong>lsrael</strong></span> <span class='ocrx_word' id='word_1_241' title='bbox 299 2835 513 2923; x_wconf 79' lang='lat' dir='ltr'><strong>Fofsschen⁵⁰⁷,</strong></span> <span class='ocrx_word' id='word_1_242' title='bbox 541 2861 565 2902; x_wconf 91' lang='lat' dir='ltr'><strong>a.</strong></span> <span class='ocrx_word' id='word_1_243' title='bbox 586 2842 612 2903; x_wconf 89' lang='lat' dir='ltr'><strong>d.</strong></span> <span class='ocrx_word' id='word_1_244' title='bbox 633 2837 684 2903; x_wconf 83' lang='lat'><strong>24.</strong></span> <span class='ocrx_word' id='word_1_245' title='bbox 698 2842 828 2903; x_wconf 85' lang='lat' dir='ltr'><strong>ianuarii</strong></span> <span class='ocrx_word' id='word_1_246' title='bbox 850 2860 893 2903; x_wconf 91' lang='lat' dir='ltr'><strong>ao.</strong></span> <span class='ocrx_word' id='word_1_247' title='bbox 920 2838 1022 2925; x_wconf 82' lang='lat'><strong>1624,</strong></span> <span class='ocrx_word' id='word_1_248' title='bbox 1051 2858 1127 2924; x_wconf 89' lang='lat' dir='ltr'><strong>quem</strong></span> 
     </span>
     <span class='ocr_line' id='line_1_31' title="bbox 121 2930 729 3011; baseline -0.002 -20"><span class='ocrx_word' id='word_1_249' title='bbox 121 2930 188 2992; x_wconf 87' lang='lat' dir='ltr'><strong>Tibi</strong></span> <span class='ocrx_word' id='word_1_250' title='bbox 212 2931 473 2993; x_wconf 80' lang='lat' dir='ltr'><strong>felicem-faustum</strong></span> <span class='ocrx_word' id='word_1_251' title='bbox 496 2930 672 3011; x_wconf 90' lang='lat' dir='ltr'><strong>adprecatur</strong></span> <span class='ocrx_word' id='word_1_252' title='bbox 726 3003 729 3008; x_wconf 88' lang='lat'><em>.</em></span> 
     </span>
    </p>
   </div>
   <div class='ocr_carea' id='block_1_4' title="bbox 190 3055 1089 3263">
    <p class='ocr_par' dir='ltr' id='par_1_4' title="bbox 190 3055 1089 3263">
     <span class='ocr_line' id='line_1_32' title="bbox 508 3055 1089 3137; baseline -0.002 -21"><span class='ocrx_word' id='word_1_253' title='bbox 508 3055 589 3117; x_wconf 87' lang='lat' dir='ltr'><strong>Tuus</strong></span> <span class='ocrx_word' id='word_1_254' title='bbox 612 3056 835 3119; x_wconf 89' lang='lat' dir='ltr'><strong>Hermannus</strong></span> <span class='ocrx_word' id='word_1_255' title='bbox 859 3057 1089 3137; x_wconf 87' lang='lat' dir='ltr'><strong>Tederingus.</strong></span> 
     </span>
     <span class='ocr_line' id='line_1_33' title="bbox 190 3181 952 3263; baseline 0.001 -20"><span class='ocrx_word' id='word_1_256' title='bbox 190 3182 322 3244; x_wconf 89' lang='lat' dir='ltr'><strong>Salutem</strong></span> <span class='ocrx_word' id='word_1_257' title='bbox 344 3182 503 3263; x_wconf 87' lang='lat' dir='ltr'><strong>plurimam</strong></span> <span class='ocrx_word' id='word_1_258' title='bbox 528 3201 544 3242; x_wconf 94' lang='lat' dir='ltr'><strong>a</strong></span> <span class='ocrx_word' id='word_1_259' title='bbox 568 3182 642 3244; x_wconf 86' lang='lat' dir='ltr'><strong>Dnn.</strong></span> <span class='ocrx_word' id='word_1_260' title='bbox 662 3182 754 3263; x_wconf 85' lang='lat' dir='ltr'><strong>Copio</strong></span> <span class='ocrx_word' id='word_1_261' title='bbox 778 3190 808 3245; x_wconf 90' lang='lat' dir='ltr'><strong>et</strong></span> <span class='ocrx_word' id='word_1_262' title='bbox 830 3181 952 3244; x_wconf 91' lang='lat' dir='ltr'><strong>Nochio.</strong></span> 
     </span>
    </p>
   </div>
   <div class='ocr_carea' id='block_1_5' title="bbox 0 0 1196 3840">
    <p class='ocr_par' dir='ltr' id='par_1_5' title="bbox 0 0 1196 3840">
     <span class='ocr_line' id='line_1_34' title="bbox 0 0 1196 3840; baseline 0 0"><span class='ocrx_word' id='word_1_263' title='bbox 0 0 1196 3840; x_wconf 95' lang='lat' dir='ltr'><strong> </strong></span> 
     </span>
    </p>
   </div>
  </div>
 </body>
</html>
