2370 3840
440 177 478 232 ad
495 176 541 231 W.
560 176 720 231 Meurerum
1048 175 1089 240 17

70 335 102 387 et
131 334 255 406 propter
285 326 381 387 Ioaeh.
407 333 437 387 et
463 332 586 405 propter
613 344 661 386 me
690 328 779 386 etiam
807 325 923 386 confido
954 332 983 386 te
1012 325 1088 388 hene

69 434 191 495 cupere.

117 534 155 624 (E
180 540 263 600 ludo
286 534 485 624 Portensi),
508 539 541 600 D.
560 540 604 601 Vl.
624 540 664 600 ld.
683 539 742 600 lan.
763 533 890 662 9548).

163 629 276 690 Salutat
299 638 329 690 te
353 630 519 690 oltieiosiss.
543 636 644 690 rector
666 647 751 689 meus
779 676 786 690 .

521 753 553 814 Τ.
576 746 766 837 Esr(omus
789 746 1043 836 Rudingerns).

251 995 295 1067 15.
331 997 405 1065 llsr.
428 995 641 1084 Rudingerus
665 996 719 1064 W.
741 996 905 1066 lleurero.

69 1103 105 1173 (Ε
124 1101 205 1156 ludo
224 1100 407 1172 Portensi).
845 1105 888 1158 30.
908 1100 967 1158 Iun.
988 1107 1087 1172 (1548).

141 1263 174 1276 ..
198 1214 230 1275 D.
249 1214 430 1295 Vuollgango
453 1214 590 1276 Meurero
615 1263 621 1276 .
642 1263 648 1276 .
672 1216 712 1276 X.
733 1217 807 1277 Iulii
823 1216 919 1277 1548.

139 1303 168 1364 S.
188 1303 220 1364 D.
248 1303 363 1365 Nudius
381 1307 489 1365 tertius
513 1307 682 1384 aooepimns
706 1323 749 1385 ea,
772 1324 847 1384 quae
866 1314 900 1366 tu
917 1305 976 1367 hue
996 1308 1086 1366 remi·

69 1395 148 1474 sisti,
168 1410 348 1454 oeconomus
367 1412 487 1476 equum,
510 1412 565 1473 ego
585 1394 710 1455 calearia
728 1412 787 1455 una
809 1405 877 1455 eum
899 1393 1010 1455 litteris
1029 1397 1088 1456 tuis

69 1481 221 1563 hilaruHS,
251 1489 284 1542 ut
311 1481 495 1544 ridebantur.
540 1483 613 1543 Mihi
641 1491 739 1544 autem
768 1484 846 1562 quod
880 1486 989 1562 gratias
1017 1487 1089 1566 agis,

70 1572 146 1631 lueis
169 1566 205 1632 ἐκ
226 1571 433 1653 περιουσίας,
460 1574 538 1632 siout
566 1589 746 1632 oeconomus
773 1572 843 1653 hoo,
872 1572 951 1651 quod
979 1590 1088 1651 equum

69 1658 127 1720 tihi
155 1662 316 1742 concessit,
348 1668 382 1722 ut
409 1660 532 1741 sorihiS,
560 1663 714 1740 optimum.
764 1660 829 1721 Etsi
858 1679 919 1721 non
946 1661 1089 1743 intelligo,

69 1748 145 1828 quid
168 1751 219 1810 sit:
244 1752 383 1829 quoniam
403 1769 471 1811 eum
488 1752 590 1830 peiore
610 1756 792 1811 commutare
811 1749 904 1811 licuit.
933 1750 1015 1811 Seito
1034 1752 1088 1829 igi·

69 1846 122 1898 tur
144 1844 173 1898 te
197 1841 349 1918 negotium
372 1847 454 1900 reete
478 1858 606 1900 curasse.
639 1839 741 1919 Equus
765 1841 845 1899 enim
869 1839 966 1900 salvus
990 1846 1089 1901 estet

68 1925 197 1988 ealearia
216 1929 339 2007 integra.
370 1928 433 1989 Hoc
452 1935 551 1989 autern
571 1929 732 2008 significari
750 1928 806 1989 tihi
824 1928 953 2011 voluisti,
976 1927 1088 2008 ahsque

69 2033 131 2095 quo
152 2017 178 2076 si
201 2016 316 2099 luisset,
339 2016 414 2078 uihil
435 2016 608 2078 habuissem
635 2037 715 2079 nune
739 2017 873 2100 quidem,
901 2018 937 2079 de
966 2038 1024 2098 quo
1052 2017 1089 2079 ad

68 2112 100 2165 te
121 2105 301 2166 iudieassem
329 2106 533 2188 scribendum,
561 2125 740 2187 quamquam
766 2107 823 2167 hoe
851 2107 962 2187 ahquid
990 2110 1090 2189 etiam,

69 2202 105 2254 ut
128 2192 178 2254 ille
202 2197 252 2276 ait,
274 2195 349 2255 nihil
373 2204 426 2256 est.
459 2195 561 2257 Salute
584 2215 654 2257 vero
677 2196 733 2256 tihi
752 2214 826 2274 opus
846 2203 892 2256 est
911 2214 971 2257 non
989 2199 1088 2257 minus

69 2301 162 2362 quam
184 2283 280 2367 nohis,
303 2291 334 2345 et
355 2285 434 2346 haud
458 2287 533 2366 seio,
557 2303 595 2346 an
617 2284 705 2364 paulo
728 2287 835 2365 magis,
862 2288 908 2369 τῷ
933 2282 1090 2364 δηλονότι

69 2369 301 2453 perpotationes.
360 2374 442 2435 Hane
473 2376 565 2453 igitur
597 2373 653 2435 tihi
684 2390 876 2452 repreeamur
913 2373 1022 2434 salvam
1059 2380 1089 2435 et

68 2469 243 2540 praepetem
267 2462 385 2544 singuli,
409 2463 557 2543 siquidem
575 2463 631 2524 hae
650 2461 724 2523 nihil
739 2468 793 2544 est,
816 2470 850 2523 ut
868 2462 985 2545 serihiS,
1008 2480 1088 2524 eom-

69 2550 198 2612 modius.
245 2550 348 2634 Opr,
369 2552 433 2612 vale
457 2560 487 2614 et
509 2571 556 2613 me
581 2571 655 2613 ama.

117 2668 156 2758 (E
179 2675 261 2737 ludo
285 2671 483 2761 Portensi),
513 2677 545 2739 h.
569 2678 665 2758 pridie
690 2677 748 2740 Cal.
774 2677 915 2749 Quintilis
938 2672 1066 2761 (1548).

482 2802 513 2863 T.
537 2796 746 2888 Esr(0mus)
769 2795 1042 2887 R(udingerns).

255 3059 301 3129 lo.
332 3062 406 3132 llsr.
428 3063 641 3151 Rulingerus
665 3064 719 3133 W.
742 3063 901 3132 lleurero.
1003 3169 1034 3223 M

942 3173 984 3224 te.
1035 3171 1088 3226 art.

137 3262 254 3324 Eximio
279 3264 444 3325 medicinae
473 3265 588 3325 doctori
612 3264 666 3326 Du.
690 3263 870 3344 Vuollgango
893 3265 1030 3327 Meurero
1054 3314 1087 3327 ..

138 3352 167 3414 S.
187 3352 219 3414 D.
243 3352 329 3425 Quod
348 3373 448 3416 eoram
471 3356 608 3435 egissem,
633 3357 659 3414 si
682 3354 827 3437 affuisses,
851 3354 887 3416 de
911 3374 946 3416 eo
969 3357 1022 3415 has
1041 3354 1088 3415 lit·

67 3449 151 3502 teras
179 3441 216 3502 ad
243 3449 273 3503 te
301 3445 420 3503 exaravi
446 3446 479 3503 iu
506 3451 651 3525 apparatu
678 3444 718 3506 atl
744 3447 805 3507 iter
835 3452 870 3505 et
892 3445 1114 3531 iustissimus.

68 3529 130 3590 Oro
142 3537 239 3590 autem
257 3531 283 3591 T.
298 3531 356 3615 Pr,
377 3536 459 3596 omni
477 3535 565 3600 cultu
578 3539 782 3602 reverentiae
796 3525 1143 3615 uiguissxmsnsms

104 3635 179 3683 Epist.
193 3649 255 3681 roeo.
269 3641 332 3685 m
344 3647 368 3687 et
383 3647 466 3693 XVII.
965 3632 991 3677 (Ἃ
