2370 3840
512 173 588 244 epist
575 173 651 230 tolae
1047 179 1091 245 39

67 324 161 395 Qui
153 342 236 402 ipsus
260 322 318 383 sibi
342 317 545 385 etc.1⁷²nulla
568 333 652 404 parte
676 328 812 404 spurium
831 345 863 387 se
881 322 1035 411 prodit¹⁷³,
1060 337 1090 391 et

68 415 182 473 scimus
202 412 321 494 alioqui,
341 431 430 491 quam
447 413 544 474 multa
510 417 672 475 teraseri
672 408 739 496 t¹⁷⁴,
761 433 835 494 quae
855 434 997 495 spurcum
1016 418 1088 498 quid

67 497 326 583 continere<n>t,
363 520 398 562 ac
433 509 533 563 tamen
570 503 747 564 intermedia
781 506 822 564 ita
860 509 982 587 aptarit,
1024 514 1088 568 tan-

67 609 160 670 quam
192 592 218 650 si
249 592 325 651 iure
348 590 550 652 cohaererent
596 592 706 653 Verum
738 593 822 654 nefas
855 596 894 654 sit
924 597 983 654 viri
1012 599 1088 656 tanti

67 679 177 740 erudit
155 687 268 741 tionem
299 686 388 759 atque
420 680 601 742 industriam
633 681 669 742 ab
697 700 731 742 ea
760 684 916 744 aestimare
948 684 1087 746 editione.

66 768 180 829 Maiora
208 775 238 828 ιι
264 768 388 829 meliora
416 787 482 830 eam
509 770 639 831 reddunt
661 770 877 850 incarpibilem.
924 772 1087 844 Querolum

66 857 148 937 quod
185 876 272 936 paras
304 860 434 919 nominis
467 861 527 920 mei
558 861 807 942 praescriptione,
841 861 913 940 quid
946 863 1006 922 nisi
1037 880 1085 923 me

66 945 225 1024 querolum
252 943 347 1007 iacis?
376 947 454 1026 quod
481 947 598 1008 videam
625 966 661 1008 ιι
687 952 801 1010 ratione
829 951 861 1010 in
889 968 939 1011 eas
970 969 1017 1011 me
1041 954 1086 1011 in·

65 1035 169 1096 cidere
187 1035 317 1118 pedicaS,
336 1036 414 1098 unde
433 1036 514 1097 nulla
532 1055 580 1097 me
600 1037 730 1098 exsolvat
717 1039 905 1117 t.gratitudo
940 1039 971 1100 Si
985 1048 1086 1101 tamen

64 1127 143 1184 tanti
165 1124 221 1185 tibi
243 1143 321 1206 sum,
341 1143 389 1186 me
412 1124 513 1187 hercle
536 1128 650 1187 vinciar
672 1126 793 1209 libente,
817 1135 886 1188 utt
886 1147 907 1190 u
930 1146 965 1189 ιο
989 1133 1085 1209 magis

64 1215 246 1292 conspicuus
270 1216 312 1275 sis
335 1232 430 1275 novus
452 1213 596 1275 Hercules
619 1215 752 1296 Musaget
753 1235 795 1278 es.
840 1216 882 1278 De
906 1217 1085 1280 Commelini

64 1295 245 1381 opera¹⁷⁵n
225 1321 305 1364 nunc
327 1303 403 1364 nibil
425 1321 548 1382 possum
571 1304 715 1383 polliceri
752 1305 838 1385 lpsus
857 1309 937 1367 enim
956 1306 1084 1369 Franco-

64 1392 140 1450 iurti
164 1398 217 1452 est.
264 1392 399 1453 Scribam
421 1399 534 1496 tamnen,
560 1394 632 1473 quid
654 1394 737 1455 velis.
783 1395 815 1455 D.
839 1395 994 1457 Postbium
1017 1417 1084 1458 cras

49 1478 210 1541 salutabo.
255 1480 365 1541 Nam
357 1500 417 1542 ram
439 1484 571 1561 primum
593 1490 659 1543 tuas
682 1486 836 1562 recipioe
838 1492 933 1567 test,
957 1490 1009 1566 qui
1033 1505 1083 1547 eas

62 1568 303 1630 Francoiurtum.
339 1569 489 1631 Freberus
508 1571 577 1631 binc
592 1570 675 1632 abest
687 1571 857 1651 Mogontiae
872 1573 955 1653 apud
965 1593 1083 1635 amores

63 1652 191 1740 suosm,
219 1662 332 1738 opinor.
379 1659 440 1720 lam
468 1660 625 1741 abrump03
654 1668 687 1721 tu
710 1664 810 1740 itaque
834 1680 901 1722 cum
925 1669 988 1743 tua,
1014 1681 1082 1724 cum

62 1749 126 1807 tuis
148 1746 225 1808 bene
249 1748 312 1810 vale
336 1756 367 1809 et
389 1748 468 1809 salve
492 1750 528 1809 ab
553 1768 598 1842 eo,
622 1752 673 1828 qui
697 1768 816 1829 semper
838 1757 908 1811 tuus

719 1856 826 1918 lanus
850 1857 1036 1919 Gruterus.

108 1960 385 2044 Heidelbergae,
400 1981 467 2042 meo
481 1981 564 2024 more
577 1965 695 2046 raptim,
710 1964 758 2026 die
768 1964 826 2026 XV.
838 1965 918 2046 Sept.
928 1964 1081 2027 MDXClll.

274 2221 324 2292 32.
356 2223 382 2291 l.
407 2199 565 2293 Gruterus
589 2224 620 2292 d.
643 2225 875 2295 Rittersbusio.

57 2345 326 2417 Heidelbergae.
638 2428 640 2432 .
666 2394 668 2399 ,
841 2357 883 2405 27.
903 2349 980 2420 Sept.
1000 2355 1078 2408 1593.

129 2461 158 2521 S.
182 2460 212 2522 P.
250 2461 311 2522 lam
343 2466 423 2522 totus
456 2479 537 2522 eram
569 2464 670 2521 nescio
704 2479 829 2539 quarum
861 2480 976 2546 rerum,
1010 2483 1078 2525 cum

59 2553 145 2611 venit
167 2549 204 2611 ad
226 2569 275 2611 me
299 2548 429 2632 quidam,
453 2553 505 2630 qui
529 2551 643 2611 diceret
665 2558 747 2611 recta
771 2569 803 2612 se
827 2552 947 2614 advos.
986 2552 1078 2634 Equi-

58 2640 130 2701 dem
162 2641 219 2700 etsi
246 2657 343 2718 nuper
373 2639 532 2701 admodum
559 2639 783 2701 Francfurtensi
810 2644 857 2703 via
884 2641 990 2704 leviter
1017 2647 1078 2705 tuis

57 2721 331 2809 rescripseram¹⁷⁷,
358 2727 446 2789 libuit
474 2737 574 2790 tamen
602 2737 722 2809 arrepto
751 2730 863 2791 calamo
890 2732 946 2792 boc
970 2732 1078 2793 addere

58 2817 141 2897 quod
177 2818 268 2879 vides.
319 2816 388 2878 Fuit
424 2819 533 2879 nudius
571 2826 695 2898 quartus
732 2821 810 2899 apud
846 2839 901 2880 nos
934 2827 993 2899 opt.
1026 2820 1077 2881 ille

57 2907 156 2968 loacb.
176 2900 410 2968 Camerarius¹⁷l³
433 2915 463 2968 ιι
486 2907 571 2969 doleo
595 2908 668 2969 adeo
692 2915 816 2988 repente
835 2916 988 2970 avocatum
1007 2909 1077 2971 binc

57 2997 96 3057 ad
119 2998 287 3075 principem
310 3002 457 3057 nostrum.
469 2996 516 3056 ad
529 3015 627 3058 arcem
645 2997 733 3076 pardo
752 3001 956 3058 remotiorem:
979 2997 1078 3059 libens

56 3088 141 3146 enim
164 3093 194 3147 et
217 3087 246 3146 ιι
268 3086 462 3146 humanitatis
485 3086 629 3164 quaedam
653 3085 855 3146 exhibuissem
878 3086 1019 3166 ciliciola,
1047 3095 1077 3148 ιι

56 3182 93 3236 ιιι
125 3175 173 3236 die
207 3177 344 3254 sequenti
376 3176 490 3253 nuptiis
517 3168 677 3235 Μιιιιιι179
705 3176 865 3236 interesset
893 3174 1076 3254 optabamus.

56 3263 101 3325 De
124 3267 163 3325 iis
186 3264 258 3343 quid
281 3264 336 3325 tibi
361 3259 478 3324 dicam?
501 3263 581 3325 Bene
600 3263 797 3324 decurrerunt
816 3264 852 3325 ad
870 3265 970 3326 finem.
1008 3266 1075 3346 lpse

56 3361 93 3414 ut
130 3371 284 3433 speramus
316 3352 411 3414 factus
445 3360 491 3413 est
523 3356 569 3414 vir
601 3352 680 3413 salva
712 3370 829 3432 sponsa.
879 3353 1075 3434 Epithalamia

56 3440 162 3522 plures
190 3444 219 3502 ιι
246 3435 436 3522 seoemnt¹⁸⁰,
464 3442 516 3504 sed
540 3441 622 3505 nulla
644 3442 776 3504 excudit.
818 3442 868 3504 lle
885 3450 998 3503 tamen
1014 3447 1088 3500 ιιι

53 3533 96 3590 iis
113 3538 172 3589 tam
188 3531 297 3591 festum
317 3531 441 3594 audires
461 3537 619 3622 nuntium,
636 3534 735 3599 libuit
753 3534 871 3598 addere
889 3531 956 3592 aba
971 3523 1123 3586 eruebam
