2370 3840
135 171 179 234 54
565 170 586 224 Ι.
607 168 719 224 Gruteri

129 328 209 400 tuae,
227 326 260 379 ut
279 320 368 379 etiam
388 318 570 398 Scoppianae
591 319 818 402 satisfecissem,
841 329 1031 380 tamencum
1050 326 1146 399 postu-

131 408 209 468 lares
247 410 427 487 epigramma
465 406 669 487 qualecunque
706 427 806 470 meum
843 409 1002 488 praecipiti
1040 426 1147 489 mense,

130 515 191 558 non
215 496 245 556 id
268 499 362 600 potui,
385 515 452 558 curn
475 499 534 556 iam
558 497 622 558 dies
647 500 773 558 instaret
796 505 959 559 extremus.
993 496 1028 557 Si
1043 505 1146 577 tamen

125 587 254 648 affectus
277 589 373 647 vicem
401 584 452 646 obt
440 587 515 646 tinet
539 587 626 648 effect
613 595 677 667 tus,
710 593 759 647 ext
761 605 793 647 ra
820 589 940 648 noxiam
964 604 1042 646 sum.
1087 585 1147 647 Etsi

131 676 243 754 alioqui
270 694 330 735 non
358 674 458 755 video,
491 675 562 753 quid
590 675 633 736 ibi
661 694 761 736 meum
793 676 915 736 lecisset
902 683 1074 757 tnomen,
1101 674 1149 736 ubi

134 765 270 845 Gentilis,
293 764 347 825 ubi
370 772 402 824 tu
426 763 535 842 aliique
558 782 605 825 me
629 765 769 825 meliores
794 772 823 825 et
846 763 1022 844 clypeorum
1041 771 1148 825 vestro-

126 873 201 918 rum
224 853 406 914 firmitudine
431 853 668 914 adversariorum
692 852 805 934 spicula
828 853 914 915 facile
936 853 1148 934 infringeretis,

131 945 222 1003 immo
246 943 320 1002 adeo
351 945 485 1021 ipsorum
515 942 596 1003 nudo
619 945 717 1005 nitore
748 942 850 1003 oculos
880 942 988 1003 iisdem
1013 942 1074 1003 illis
1102 961 1148 1022 op-

129 1031 345 1111 pugnatoribus
377 1033 639 1111 praestringeretis
676 1040 706 1092 et
737 1039 853 1093 tantum
885 1050 946 1092 non
983 1032 1148 1093 redderetis

131 1120 246 1182 similes
265 1120 434 1180 Democrito
454 1120 498 1180 illi
516 1119 704 1181 Abderitano.
736 1121 773 1181 At
791 1128 824 1182 tu
842 1121 929 1201 bene,
948 1121 1028 1199 quod
1050 1139 1147 1181 aurem

130 1210 205 1269 mibi
228 1208 312 1268 vellis
336 1208 372 1268 de
396 1208 562 1291 Guntber03
586 1228 654 1270 narn
673 1229 803 1292 peream,
826 1211 886 1270 nisi
905 1228 975 1270 eum
995 1227 1033 1270 ex
1052 1212 1146 1270 animo

131 1299 341 1376 seposuissem.
397 1297 454 1357 Sed
488 1305 587 1359 tamen
625 1301 684 1359 iam
721 1298 841 1360 demum
873 1297 988 1379 aliquid
1021 1299 1147 1379 tentabo,

130 1389 290 1466 praecipue
319 1404 386 1446 cum
415 1405 462 1447 me
488 1389 672 1466 transfugam
699 1407 716 1447 a
738 1390 855 1467 poetica
882 1390 1000 1467 ingesta
1032 1406 1146 1468 quoque

130 1494 220 1537 manu
252 1477 411 1536 retraxerit
438 1475 575 1538 Melissus
608 1484 638 1537 et
670 1478 847 1558 iniunxerit,
879 1485 913 1538 ut
946 1480 1050 1539 nescio
1080 1476 1146 1556 quid

129 1564 319 1646 Epithalamii
342 1567 480 1644 muginer
503 1568 535 1625 in
558 1568 677 1644 nuptias
700 1565 878 1645 lepidissimi
897 1566 1008 1627 sodalis
1028 1566 1060 1626 D.
1080 1566 1145 1627 Lin-

130 1655 293 1734 gelshemii.
326 1653 364 1714 Et
386 1654 440 1715 tali
463 1656 637 1734 imperatori
655 1651 761 1736 <non>
784 1673 889 1734 parere
910 1656 1003 1716 nefas.
1036 1654 1144 1716 Eodem

130 1764 200 1823 ergo
225 1746 333 1824 spiritu
356 1752 386 1803 et
408 1743 464 1805 tibi
487 1743 559 1822 quid
582 1751 632 1804 aut
655 1744 807 1822 perficiam
831 1751 882 1805 aut
904 1745 1061 1806 inchoabo.
1107 1743 1144 1805 De

130 1833 227 1894 literis
251 1835 325 1893 meis
349 1835 467 1893 amissis
491 1832 566 1892 nihil
590 1833 690 1893 damni
709 1833 828 1914 lactum,
851 1833 1014 1894 dummodo
1034 1840 1144 1895 constet

129 1921 186 1982 tibi
214 1921 250 1981 de
279 1930 461 1998 argumento.
508 1922 545 1982 lt
572 1929 638 1982 tuas
666 1941 720 2000 ego
749 1920 848 1982 nullus
876 1922 951 2004 vidi,
983 1924 1066 1984 unde
1094 1940 1143 1984 nec

131 2013 175 2071 eis
195 2012 353 2088 quicquam
371 2010 552 2090 respondere
571 2029 701 2090 possum.
730 2010 1002 2072 Profectiunculam
1021 2011 1142 2091 Pragen·

130 2117 195 2160 sem
218 2117 254 2158 ex
277 2106 345 2158 voto
369 2102 550 2160 successisse
575 2100 714 2178 gratulor.
747 2099 785 2159 Et
808 2118 862 2178 ego
886 2102 1006 2162 itineris
1030 2117 1142 2162 omnem

130 2189 259 2249 lructum
283 2205 360 2266 pono
383 2191 414 2249 in
438 2191 567 2249 amicitia
591 2190 735 2268 acquisita
753 2186 900 2250 bonorum
923 2190 1142 2270 doctorumque.

129 2278 193 2338 Alia
217 2280 316 2338 omnia
340 2295 377 2337 ne
401 2276 486 2338 oculo
511 2278 630 2356 quidem
659 2296 788 2356 unquam
817 2277 955 2357 dignatus
984 2298 1062 2341 sum.
1106 2277 1142 2338 lle

129 2370 205 2427 meis
230 2366 336 2427 studiis
361 2367 440 2445 quod
464 2369 591 2447 quaeris,
615 2367 807 2446 Suspiciones
827 2366 1009 2429 absolvimus
1029 2376 1060 2430 et
1078 2385 1141 2449 pen·

130 2455 243 2516 debunt
266 2459 325 2515 iam
349 2456 489 2535 deinceps
514 2455 697 2517 avoluntate
718 2454 903 2516 Commelini.
942 2456 975 2516 Si
1000 2458 1141 2520 excudere

130 2552 216 2623 amat,
240 2545 339 2602 statim
362 2543 538 2626 prodibunt,
562 2547 609 2604 sin
632 2547 852 2626 tergiversatur,
876 2544 956 2606 lenta
979 2565 1059 2607 crux.
1075 2548 1141 2626 ipsis

130 2634 219 2691 etiam
243 2639 370 2710 praesto.
403 2631 477 2692 Nam
496 2642 529 2693 ut
548 2633 598 2693 alii
617 2633 741 2714 tradam,
765 2651 824 2694 non
842 2636 956 2712 patitur
975 2637 1142 2696 institutum

129 2740 237 2782 meum.
283 2720 341 2780 Eas
365 2739 423 2781 non
448 2721 608 2803 descripsi,
639 2724 707 2802 quia
737 2722 870 2800 quotidie
899 2722 955 2783 alia
979 2732 1071 2804 atque
1094 2722 1141 2785 alia

129 2813 161 2871 in
185 2818 316 2871 mentem
339 2812 469 2892 veniunt,
493 2810 602 2890 quibus
627 2817 771 2872 ornentur
794 2819 844 2873 aut
868 2812 1077 2875 emendentur.
1113 2812 1143 2874 lt

129 2902 156 2960 si
175 2898 377 2960 Commelinus
397 2899 609 2979 aggrederetur
628 2899 798 2982 editionem,
817 2899 903 2961 facile
918 2909 1000 2963 esset
1014 2902 1142 2982 quotidie

128 2997 192 3051 ttan
194 3009 244 3050 um
264 2989 443 3070 describere,
468 2989 547 3067 quod
566 2997 646 3049 esset
665 2990 736 3050 satis
756 2990 956 3069 ytpographis.
989 2990 1053 3052 lam
1072 3007 1143 3054 nunc

130 3097 196 3138 sum
220 3082 252 3139 in
277 3078 428 3159 Suetonio,
452 3096 542 3158 quem
564 3076 698 3138 Politicis
721 3072 907 3159 insignio²⁶⁸,
937 3079 1040 3141 forsan
1064 3078 1144 3163 paulo

129 3165 304 3227 melioribus
329 3175 461 3246 quamt
435 3166 527 3228 Italus
551 3166 600 3226 ille
621 3166 711 3227 Schot
699 3173 760 3227 ttus
779 3161 967 3228 Tacitum259.
1001 3169 1144 3249 Pflugium

130 3254 220 3314 isthic
248 3255 326 3333 apud
354 3275 406 3317 vos
433 3256 492 3317 laet
479 3264 527 3317 tor
558 3263 588 3316 et
617 3255 813 3335 plurimam
805 3259 864 3336 ipsi
894 3275 909 3316 a
937 3275 986 3318 me
1015 3258 1145 3337 salutem,

165 3361 200 3402 un
233 3344 353 3422 querela
386 3344 422 3405 de
454 3363 514 3405 non
543 3347 726 3405 transmissis
754 3347 817 3405 suis
846 3348 875 3406 in
903 3341 1090 3408 Plautum²⁶⁰
1114 3364 1146 3410 ex

205 3450 221 3514 r,
245 3434 340 3493 immo
364 3433 517 3515 stipulatu.
557 3434 675 3495 Amicos
698 3441 825 3514 ceteros,
844 3433 879 3494 n.
899 3433 1146 3517 Wesembecium,

209 3521 325 3586 *ntilem
360 3526 450 3612 item,
487 3525 703 3589 Camerarium
732 3530 899 3598 summme
928 3522 1064 3587 oibc'xose
1084 3528 1158 3582 uem
