2370 3840
486 171 624 245 epistolae
1016 175 1058 241 89

51 325 107 383 situ
122 341 156 382 ac
171 323 269 382 tineis,
302 321 335 382 Si
353 323 432 382 enim
447 324 555 403 nescis,
578 324 716 382 universa
735 325 783 382 vix
803 324 1065 403 comprehenderis

51 410 249 472 voluminibus
272 417 421 491 quattuor,
445 413 576 490 quinque
599 413 630 471 in
650 404 692 473 8⁰.
724 410 834 473 Extant
852 413 962 474 ibidem
986 417 1065 476 inter

51 501 104 562 alia
133 499 252 561 XXXVI
275 499 345 560 libri
368 493 583 579 Spinarum⁴⁸1.
630 499 663 560 Si
690 502 923 582 excuderentur,
950 503 1064 564 nullum

51 593 217 651 invenirent
239 596 413 669 emptorem,
435 591 544 669 partim
568 588 605 649 oh
628 589 737 650 molem
761 599 791 651 et
814 591 974 673 fastidium,
997 611 1064 671 par-

51 683 101 742 tim
122 679 160 739 ob
179 680 310 758 pretinm
328 678 478 757 grandius.
512 677 671 739 Creatnrac
691 681 786 758 ipsius
805 680 906 740 forsan
924 683 989 761 ipsa
1008 681 1066 741 sibi

51 761 313 851 comparabunt*),
335 785 422 828 nemo
446 775 609 846 praeterea.
642 768 754 829 ilerum
777 772 857 829 enim
881 769 961 830 istud
979 788 1066 849 pror-

51 877 115 920 sum
134 870 293 937 αμουσον.
317 856 455 918 Indicabo
474 856 640 938 Gebhardo,
658 858 738 936 quod
756 860 814 939 vis3
838 859 890 919 sed
910 861 935 919 is
955 860 1067 920 dudum

51 947 124 1008 mihi
146 946 223 1007 dixit
245 953 347 1025 petere
370 952 399 1006 te
422 945 459 1007 ab
482 948 549 1025 ipso
573 946 795 1025 epithalamium
817 954 885 1026 post
904 947 1067 1009 celebratas

51 1038 183 1117 nuptias,
215 1035 295 1114 quod
326 1041 552 1115 praeposterum
583 1042 680 1117 putat3
720 1036 926 1115 genethliacon
958 1040 1067 1098 iustius

51 1125 212 1206 petendum
234 1124 271 1184 ad
293 1127 424 1204 primam
443 1124 566 1204 prolem.
602 1124 656 1185 Dn.
679 1120 840 1186 Mundii⁴³²
862 1126 964 1187 literas
983 1126 1066 1187 libel-

50 1216 173 1294 lumque
211 1220 291 1274 recte
328 1216 442 1295 recepi,
478 1221 567 1293 atquc
600 1232 638 1274 en
670 1214 706 1274 ad
739 1235 773 1276 ea
806 1235 982 1295 responsum
1014 1234 1069 1296 per

51 1303 273 1365 nobilissimum
295 1303 465 1384 lmhoiium,
496 1321 663 1382 perquem
686 1311 751 1364 tuas
780 1308 894 1386 recepi,
923 1307 1068 1365 maximae

51 1394 279 1473 respectationis
302 1394 448 1453 iuvenem.
482 1391 628 1453 Salutabis
653 1412 735 1454 ame
755 1394 913 1454 admodum
937 1396 1068 1455 officiose

53 1482 131 1543 linos
156 1481 372 1562 Camerarium,
403 1480 542 1562 Remum,
568 1480 746 1563 Freherum,
773 1483 958 1544 Praetorium
986 1491 1016 1543 et
1044 1485 1069 1543 si

54 1575 120 1652 quis
143 1578 298 1650 praeterea
320 1571 395 1632 mihi
418 1587 479 1631 non
501 1572 650 1631 inimicus.

97 1676 337 1757 lleproperaham
365 1679 461 1756 prima
488 1677 614 1756 Augusti
636 1676 778 1738 MDCXVI
800 1676 1070 1755 Heidelbergae.

479 1782 584 1845 Vester
607 1791 687 1844 totus
711 1783 816 1845 lanus
841 1782 1025 1845 Gruterus.

270 2059 320 2130 68.
350 2063 376 2130 l.
401 2062 637 2143 Gruterusdh.
660 2064 857 2135 Hoellicliic.

55 2185 321 2254 Heidelbergae.
862 2196 886 2243 2.
905 2187 976 2242 Nov.
997 2193 1065 2242 1617

123 2283 258 2345 Clariss0.
273 2284 441 2360 eximioque
473 2284 536 2357 ¹viro
564 2282 636 2343 llno.
662 2283 874 2362 christophoro
903 2283 1071 2344 Hoeflichio

55 2376 127 2453 reip.
153 2372 278 2452 inclytae
302 2370 427 2431 Noricae
451 2389 467 2430 a
490 2374 614 2431 secretis
638 2380 693 2432 etc.
717 2371 937 2450 Norimbergae.

123 2462 152 2523 S.
172 2461 202 2522 P.
235 2459 276 2520 De
299 2459 436 2520 versibus
463 2462 540 2520 meis
568 2462 599 2520 in
623 2455 839 2539 Scipionem483
861 2479 888 2540 p.
913 2480 951 2522 m.
975 2464 1072 2522 serius

57 2570 108 2612 eos
132 2551 296 2630 advenisse,
319 2548 433 2610 nullum
457 2548 598 2610 damnum
622 2557 675 2630 est,
699 2552 789 2609 immo
810 2550 917 2610 damno
937 2552 1072 2632 luissent,

57 2643 83 2702 si
106 2641 253 2701 maturius
277 2638 416 2699 scrobis
440 2640 596 2720 stitissent,
620 2642 671 2719 qui
695 2639 791 2700 facitis
815 2639 961 2701 Gentilem
981 2641 1073 2720 Alpha

57 2732 154 2791 omnis
176 2728 363 2809 literaturae,
390 2745 458 2789 cnm
482 2730 613 2788 carmina
641 2747 707 2789 mea
729 2732 777 2789 vix
801 2749 869 2790 eum
893 2732 1075 2790 constituant

56 2818 166 2899 Kappa.
200 2817 302 2896 ltaque
325 2816 450 2878 nebulae
469 2816 597 2878 fuissent
615 2819 693 2877 inter
715 2826 829 2878 vestras
853 2817 952 2878 stellas
976 2835 1073 2895 neque

56 2914 212 2970 merentur
235 2925 315 2988 sane,
338 2914 371 2966 ut
390 2907 516 2966 seorsim
535 2906 725 2968 excudantur.
757 2907 977 2985 Epigrammata
996 2905 1074 2965 Neu-

57 2989 276 3059 stetteriana4³¹
308 2995 354 3055 vel
386 2997 482 3055 retine
515 2994 561 3056 vel
592 2998 677 3056 mitte
705 2995 737 3055 ll.
760 2995 908 3076 Piccart03
940 3013 1009 3054 nam
1041 3001 1075 3054 ut

56 3087 132 3148 mihi
155 3077 303 3169 remittasl,
326 3087 375 3145 cui
397 3079 498 3145 bono?
543 3084 666 3144 Interim
693 3084 780 3143 velim
808 3083 863 3143 tibi
890 3102 979 3144 curae
1008 3102 1074 3144 esse

57 3175 232 3255 scrupulum
256 3172 341 3234 illum
364 3191 455 3253 super
478 3172 568 3234 natali
585 3173 702 3233 Erasmi
720 3172 904 3233 Neustetteri
926 3175 1075 3253 eximique

56 3284 113 3327 suo
136 3272 280 3344 tempore.
326 3262 389 3323 Hoc
413 3262 525 3336 scribo,
554 3266 623 3342 quia
650 3261 686 3322 de
711 3280 745 3322 eo
774 3263 806 3322 in
833 3266 993 3341 postremis
1015 3266 1076 3324 tuis

57 3354 149 3418 sileas
173 3371 271 3432 neque
295 3352 457 3432 quidquam
480 3351 560 3412 illius
588 3353 758 3411 meminerit
786 3352 821 3411 ad
845 3371 892 3413 me
915 3353 1076 3414 Piccartus.

54 3479 272 3488 -—-—-.--.—-

128 3543 151 3609 l)
169 3541 304 3595 Gruterus
321 3540 398 3612 ipse:
418 3552 600 3618 corriperent.
