2370 3840
506 156 644 226 epistolae
1025 156 1078 222 ’65

55 306 148 367 modo
172 325 210 367 ne
228 306 303 366 mihi
320 306 480 388 invideant,
505 308 557 386 qui
576 325 665 386 opere
686 306 819 366 absoluto
840 325 954 367 sumam
973 325 1078 386 super-

54 395 139 457 biam
162 398 327 474 quaesitam
355 397 464 457 merito
495 403 525 456 et
548 395 717 456 exclamabo
746 397 881 475 exegisse
910 414 985 475 opus
1009 415 1077 459 aere

54 486 229 564 perennius.
274 483 373 545 Habui
399 484 461 545 illic
488 485 566 564 apud
593 503 646 545 vos
674 487 802 545 amicum
830 503 889 544 non
917 484 1080 570 vulgarem,

55 576 112 653 qui
137 574 305 652 tragoedias
333 573 446 653 aliquot
472 574 578 655 edidit3
610 591 719 634 nomen
751 577 811 634 iarn
842 574 899 635 hoc
926 583 1076 636 momento

55 681 121 723 non
144 656 332 744 occurrit³1³;
357 665 502 743 scriptum
526 669 573 724 est
595 669 695 724 tamen
718 662 835 724 Amoris
858 662 918 723 telo
936 665 968 723 in
987 665 1076 725 corde

55 770 139 833 meo3
164 754 190 812 si
212 751 309 813 adhuc
332 752 430 834 isthic,
453 771 564 832 quaeso
587 754 613 812 is
638 755 727 813 etiam
750 753 817 813 istis
835 754 911 812 meis
930 754 1076 831 epigram-

55 843 146 902 matis
169 843 296 920 imputet
319 843 508 920 epigramma.
553 841 644 922 ldem,
667 843 694 902 si
722 841 875 923 auderem,
903 849 1037 921 peterem
1060 862 1077 904 a

54 937 157 991 vestro
184 924 376 1011 Piccarto³¹⁴,
408 933 493 992 cuius
522 930 648 991 Carmen
671 933 703 990 in
727 929 881 1010 Ortelium,
894 929 985 991 -licet
1012 931 1077 992 loco

56 1013 256 1100 ultimum³1⁵,
288 1017 432 1080 habebam
460 1022 558 1081 animo
586 1037 653 1080 meo
681 1022 760 1080 inter
787 1021 927 1098 primora.
973 1019 1078 1081 Vester

56 1107 184 1170 Colerus
198 1108 248 1169 hic
261 1108 419 1170 nobiscum
437 1103 551 1191 agitlll,
571 1109 649 1188 quod
668 1109 795 1190 gaudeo;
819 1115 865 1170 est
883 1111 964 1170 enim
982 1109 1077 1171 lactus

56 1197 96 1258 ad
118 1215 219 1258 meum
242 1205 374 1279 gustum,
405 1216 466 1258 non
489 1198 710 1278 arrogantulus,
737 1216 798 1258 non
826 1199 1012 1280 fastidiosuS,
1045 1206 1078 1260 ut

56 1286 110 1348 alii
128 1287 190 1347 lere
209 1294 377 1348 vestrorum
395 1286 529 1348 locorum
547 1287 683 1348 homines
698 1289 843 1368 rariores3
862 1294 978 1349 tantum
992 1288 1077 1350 doleo

57 1393 129 1437 eum
152 1377 250 1437 rarius
268 1394 316 1437 me
335 1377 465 1438 invisere
488 1395 596 1455 meque
615 1378 722 1457 ipsum,
742 1378 799 1437 etsi
819 1377 850 1437 id
870 1378 944 1438 mihi
963 1397 1078 1459 causae,

58 1463 139 1544 quod
163 1466 333 1544 importune
356 1465 498 1527 accedere
521 1468 644 1547 possim,
667 1484 735 1526 oum
759 1472 825 1545 agat
847 1485 908 1526 non
932 1469 980 1526 sui
1002 1469 1078 1528 iuris

58 1571 129 1614 cum
142 1553 237 1615 nobili
249 1547 415 1635 Polono³¹⁷,
433 1554 544 1634 alioqui
558 1561 704 1634 perpetuo
719 1557 779 1635 ipsi
793 1554 936 1615 adessem.
966 1555 1078 1615 Vellem

59 1642 188 1705 ulterius
210 1651 311 1705 tecum
334 1646 457 1725 garrire,
482 1644 534 1704 sed
558 1646 617 1705 iam
640 1643 742 1704 charta
765 1643 880 1725 deficit,
910 1650 940 1703 et
962 1662 1076 1724 vereor,

58 1750 98 1792 ne
126 1739 285 1813 occupatus
317 1739 362 1794 tot
387 1735 511 1812 privatis
543 1739 588 1792 tot
619 1731 747 1812 publicis
779 1750 906 1792 nausees
937 1732 972 1792 ad
1000 1732 1076 1793 hanc

58 1821 253 1883 desultoriam
276 1823 482 1903 scriptionem,
512 1822 564 1882 ubi
586 1840 642 1883 nec
670 1840 723 1900 pes
751 1828 873 1901 apparet
900 1840 956 1881 nec
979 1829 1078 1902 caput,

58 1918 141 1972 certe
159 1929 220 1972 non
239 1928 298 1972 cor.
334 1910 425 1993 Heus,
444 1914 486 1971 mi
504 1911 694 1992 Rittershusi,
714 1913 783 1990 quia
802 1913 887 1990 copia
906 1918 952 1972 est
970 1913 1077 1991 nuntii,

59 2001 131 2079 quei
157 2000 204 2082 tit,
234 2007 268 2061 ut
294 2019 382 2062 nemo
409 2007 505 2062 vertat
532 2003 563 2060 in
590 2019 759 2062 sermonem
791 2000 916 2061 latinum
944 2008 1078 2062 oratores

57 2087 127 2150 illos
150 2088 279 2150 Graecos
302 2092 427 2152 iunctim
451 2083 644 2151 excusos³²⁸l
673 2089 762 2151 Fama
787 2108 858 2150 sane
882 2093 911 2150 ei
929 2091 998 2151 inde
1022 2093 1076 2150 im-

57 2177 203 2239 mortalis.
239 2177 339 2240 Photii
355 2178 569 2240 Hoescheliana
593 2179 732 2240 Schottus
755 2185 859 2239 noster
881 2173 1076 2240 transfert³¹⁹.

58 2265 142 2328 Tuus
160 2261 411 2330 Artemidorus⁸²⁰
433 2267 486 2329 ubi
508 2265 662 2329 moratur?
687 2268 718 2328 Si
741 2267 810 2328 talia
833 2267 908 2326 mihi
927 2267 1076 2348 Alcyonia,

60 2355 158 2435 qualia
189 2356 287 2438 vobis,
318 2356 372 2418 ubi
398 2358 540 2418 nimirum
572 2364 623 2418 aut
654 2359 750 2417 amori
780 2357 853 2417 estis
884 2362 935 2416 aut
961 2355 1076 2436 honori,

59 2445 133 2524 quid
147 2464 208 2506 non
222 2464 355 2528 conarer,
375 2446 446 2526 quid
460 2464 521 2507 non
540 2464 692 2525 sperarem
711 2453 741 2506 et
758 2451 963 2524 perpetrarem
978 2446 1076 2505 etiam.

57 2533 115 2595 llic
145 2536 242 2597 vicino
275 2535 325 2597 illo
358 2535 395 2596 de
419 2535 583 2596 Gothorum
610 2528 807 2615 prosapia³²1,
839 2533 915 2595 nihil
947 2553 1079 2616 possum,

57 2623 136 2685 nihil
158 2624 266 2707 audeo,
289 2643 327 2686 ne
350 2625 452 2686 videar
474 2625 542 2686 lites
565 2632 694 2707 captare,
718 2631 747 2685 et
770 2624 881 2704 alioqui
905 2627 949 2685 sio
971 2625 1079 2686 viduus

58 2715 173 2793 quique
199 2714 262 2775 fere
289 2714 337 2774 bis
365 2717 524 2794 quotannis
557 2721 586 2774 et
614 2717 722 2794 migret
750 2707 941 2798 (Parthorum
973 2732 1079 2791 regum

57 2805 157 2864 instar
171 2821 209 2863 an
222 2796 442 2887 mendicorum)
458 2804 494 2865 de
509 2804 596 2864 domo
611 2806 643 2864 in
653 2803 783 2885 domum,
802 2803 935 2863 nondum
945 2801 1080 2862 ordinavi

57 2889 273 2953 bibliothecam
291 2911 397 2974 meam,
419 2893 552 2954 nondum
571 2893 684 2954 absolvi
698 2912 742 2973 ea,
761 2910 835 2971 quae
855 2892 993 2952 inchoata
1012 2897 1079 2952 ante

57 2998 156 3042 annos
170 2980 241 3042 Vlll
270 2982 319 3043 Sic
333 2984 425 3061 igitur
438 2982 512 3043 abiit
525 2983 599 3043 mihi
612 2985 672 3043 vita
687 2982 848 3060 videorque
863 2984 929 3041 iure
943 2979 1079 3057 neglecto

57 3072 163 3151 priore
178 3088 244 3131 meo
260 3065 376 3133 scito322
404 3067 492 3133 ‘Avec
506 3071 534 3132 le
548 3079 645 3151 temps
660 3078 690 3131 et
704 3089 752 3131 ma
765 3065 865 3149 peine’
881 3070 1079 3147 assumpsisse

57 3159 190 3220 alterum
213 3154 366 3241 ‘Trabajar
388 3179 407 3240 y
430 3155 544 3223 morir'.
593 3161 674 3221 Adeo
702 3161 771 3220 linis
799 3166 829 3219 et
857 3159 972 3219 fructus
999 3157 1081 3218 labo-

56 3265 130 3311 rum
162 3251 294 3310 omnium
326 3249 402 3310 nihil
433 3252 491 3312 erit
518 3253 577 3311 nisi
604 3252 690 3328 nigra
716 3267 812 3329 mors,
845 3265 933 3327 quam
965 3254 1080 3309 tantum

57 3336 148 3399 abest
177 3337 335 3421 deprecer,
371 3347 404 3401 ut
436 3346 536 3419 optem
568 3357 656 3419 saepe
686 3338 743 3398 hoc
776 3339 893 3400 saeculo
921 3345 1080 3417 personato

59 3434 92 3488 et
123 3425 176 3487 ubi
207 3426 318 3508 ubique
351 3427 430 3490 aliud
463 3432 495 3488 in
523 3447 574 3489 ore
603 3427 684 3489 aliud
710 3429 745 3489 in
765 3435 901 3510 pectore.
943 3427 1027 3487 Quum
1045 3435 1097 3499 te,

59 3533 131 3576 cum
155 3514 297 3576 Gentilem
330 3521 442 3602 cogito,
477 3520 515 3582 de
545 3521 660 3604 quibus
688 3519 784 3584 miulti
811 3521 996 3600 trequentes
1018 3509 1128 3568 mmm

100 3621 172 3668 epos
187 3632 246 3664 suaa
263 3626 324 3670 ΧΠ
336 3632 361 3670 ee
374 3629 456 3678 ΠΗ.
952 3620 976 3667 b
