2370 3840
502 181 640 252 epistolae
1032 184 1077 248 45

56 349 137 410 quae
160 337 260 390 tamen
284 330 391 391 decere
414 329 512 391 locum
536 349 631 392 suum.
674 330 748 392 Cum
771 330 895 392 Domino
919 328 1079 412 Pnugio2¹⁰

55 421 180 500 faciam,
209 419 287 498 quod
317 422 415 500 cupis,
443 427 583 498 grataque
612 422 671 499 ipsi
698 427 749 480 tua
776 420 983 483 benevolentia
1011 425 1077 484 erit.

57 508 216 588 Appendix
240 508 276 569 ad
299 502 491 570 lustinum²1¹
515 511 600 569 cuius
624 510 663 569 sit
686 510 785 570 lutura
808 511 920 570 lormae
943 518 977 571 ut
995 521 1077 572 certo

56 599 201 678 nesciam,
224 598 266 658 ita
289 596 375 676 plane
400 593 528 658 arbitror
551 616 653 677 parem
672 598 832 677 prioribus.
870 595 1078 678 Cognatum²¹²

56 704 160 748 meum
184 688 228 746 sic
251 688 399 748 contineri
421 685 606 767 melioribus,
628 686 726 748 libens
749 688 888 749 inaudivi.
929 689 992 749 Tua
1015 708 1076 749 mo-

58 777 125 836 nita
148 777 236 836 etiam
254 774 382 836 multum
400 783 550 857 poterunt,
573 779 618 837 uti
636 775 752 837 scilicet
769 780 866 838 rarius
886 777 1077 839 combibones

58 882 134 926 suos
161 865 338 943 frequentet.
385 864 580 944 Pithopoeum
609 867 668 925 iam
696 884 775 926 nunc
802 869 906 928 monui
937 867 1077 928 schedula

59 956 240 1035 interprete3
269 954 341 1034 quid
369 954 487 1034 lecerit,
514 972 563 1014 res
592 954 737 1015 ostendet.
783 955 871 1016 Vides
899 975 987 1035 quam
1011 975 1077 1018 suc-

58 1045 159 1104 cincte
191 1049 222 1103 et
253 1050 337 1104 curte
368 1061 423 1122 ego
450 1061 530 1114 nunc
558 1046 664 1104 omnia.
712 1043 770 1104 Sed
798 1046 839 1105 ita
867 1052 925 1126 est3
958 1048 1077 1124 opinato

57 1134 150 1193 citius
178 1131 240 1192 abit
267 1134 381 1193 amicus
409 1139 513 1193 noster
535 1150 660 1211 magnus
683 1132 715 1193 D.
738 1132 976 1216 Wesembecius3
1005 1153 1077 1216 quo-

57 1223 141 1282 circa
172 1223 204 1280 in
237 1229 352 1282 arctum
380 1239 446 1281 mea
474 1221 646 1282 contraham
674 1239 797 1283 necesse
826 1230 880 1284 est.
927 1223 1011 1295 Quod
1040 1243 1077 1285 ne

57 1327 149 1388 aegre
168 1310 255 1390 ieras,
273 1309 436 1390 plurimum
455 1317 484 1370 te
504 1328 566 1371 oro.
598 1309 659 1371 lam
679 1313 759 1372 enim
778 1311 923 1373 debebam
941 1312 1077 1392 pluribus

56 1406 161 1459 tecum
184 1417 281 1480 agere,
304 1402 331 1459 si
354 1417 484 1478 unquam
509 1398 590 1460 alias.
636 1399 694 1461 Sed
718 1401 769 1460 fiet
793 1419 880 1480 spero
905 1401 986 1483 alias,
1009 1422 1078 1464 cum

57 1488 95 1548 ad
126 1506 177 1547 vos
207 1486 300 1549 ibitur
327 1487 466 1549 aPierio
494 1495 605 1549 nostro.
651 1488 775 1550 Interim
798 1492 863 1550 vive
887 1498 917 1551 et
940 1490 1002 1552 vale
1027 1511 1077 1552 ex·

57 1595 207 1656 ensesque
240 1576 271 1638 D.
300 1571 487 1657 Scipioni²¹³‚
519 1577 598 1657 quod
632 1596 692 1638 non
724 1576 866 1659 scribam,
899 1598 1078 1658 quamquam

58 1665 133 1746 quid
158 1684 192 1726 eo
216 1674 316 1727 tamen
340 1685 423 1747 opus,
447 1685 515 1728 cum
538 1685 594 1727 nec
618 1668 682 1746 ipse
707 1666 743 1727 ad
766 1685 822 1727 me.
865 1666 967 1728 Solum
986 1671 1077 1746 igitur

57 1755 256 1834 adspergatur
279 1754 408 1835 plurima
431 1754 536 1816 salute.

104 1861 384 1947 Heidelbergae,
407 1863 455 1923 dic
478 1861 526 1923 lX.
550 1861 636 1924 Febr.
660 1861 782 1924 MDVIC.
1034 1932 1036 1935 ,

335 1969 417 2030 Tuus
441 1972 522 2029 omni
545 1969 603 2030 lide
627 1979 658 2030 et
681 1971 779 2031 officio
801 1970 822 2032 l.
848 1969 1032 2032 Gruterus

267 2229 318 2301 35.
349 2231 376 2300 Ι.
400 2230 559 2300 Gruterus
583 2233 614 2300 d.
639 2231 871 2300 Ritterslmsio.
900 2248 903 2254 ·

57 2352 349 2426 (Heidelbergae).
832 2360 875 2411 23.
895 2355 978 2409 Mart.
999 2359 1077 2411 1594.

127 2466 193 2527 Etsi
215 2486 276 2528 non
297 2475 361 2528 crat
379 2467 428 2529 hic
447 2471 573 2549 animus,
597 2469 649 2547 qui
666 2466 720 2529 ulli
742 2468 894 2529 sufficeret
912 2471 1078 2550 scriptioni,

56 2555 139 2616 haud
158 2562 258 2617 tamen
276 2563 392 2617 tantum
411 2577 427 2618 a
446 2575 493 2619 mc
512 2560 653 2636 impetrat
671 2557 787 2639 vulnus,
809 2558 887 2637 quod
907 2577 954 2620 me
974 2567 1078 2620 enecat

57 2639 289 2726 gravissime²¹⁴,
318 2649 391 2725 quin
418 2649 479 2707 tuis
505 2646 593 2707 modo
617 2646 653 2707 ad
677 2665 724 2707 me
747 2650 849 2709 missis
873 2667 931 2709 una
955 2667 1078 2729 respon-

58 2734 148 2794 deam
166 2733 261 2795 litera.
298 2733 411 2815 Nempe
430 2754 502 2797 usus
517 2755 584 2797 sum
598 2735 744 2818 libertate,
764 2756 851 2816 quam
866 2738 941 2798 mihi
954 2736 1078 2816 largitos

59 2841 105 2903 es,
128 2829 158 2883 et
182 2824 328 2903 quaedam
348 2827 380 2885 in
399 2820 545 2904 Elegia²¹⁶
568 2844 633 2906 ego,
657 2826 801 2905 quaedam
818 2825 957 2887 Posthius
976 2833 1079 2886 noster

58 2910 226 2994 polierunt3
244 2912 338 2975 multa
357 2914 458 2974 addidi
476 2914 512 2975 de
531 2933 608 2995 meo,
628 2934 702 2994 quae
721 2915 776 2976 tibi
796 2922 885 2976 erunt
903 2915 939 2975 ad
959 2923 1079 2994 gustum

60 3019 160 3080 spero.
205 3000 366 3083 Exemplar
389 3004 518 3065 Senecae
541 3011 576 3065 ut
598 3003 655 3064 tibi
678 3007 898 3065 transmittatur
919 3022 974 3084 per
993 3004 1078 3065 Com·

59 3089 220 3171 melinum,
254 3111 325 3153 cura
352 3094 427 3153 mihi
454 3094 523 3174 luit3
555 3095 656 3172 itaque
684 3092 715 3154 id
743 3096 784 3153 ita
811 3095 912 3173 accipe
939 3100 1078 3173 tanquam

59 3179 142 3258 quod
166 3180 339 3243 festinatum
362 3182 399 3241 ab
423 3200 467 3263 eo,
490 3184 540 3243 cui
558 3185 652 3243 otium
670 3181 796 3243 mirltum
815 3200 875 3243 non
894 3183 949 3243 luit
968 3186 1078 3263 quique

59 3271 183 3348 saepius
215 3272 297 3331 risus
331 3268 389 3330 sibi
419 3278 516 3331 motae
545 3274 667 3352 mentis3
700 3271 773 3332 adeo
800 3290 848 3332 me
877 3272 1080 3337 obtundebant

59 3375 134 3420 mss.
161 3357 307 3420 librorum
334 3360 496 3439 farragines
520 3368 623 3439 totque
646 3369 801 3440 practerea
825 3379 966 3422 cusorum
988 3362 1079 3425 libro-

59 3464 130 3507 rum
162 3441 386 3509 collationcs²¹⁶.
431 3448 473 3510 De
501 3449 615 3512 Plautis
646 3449 727 3512 utrm
753 3453 927 3512 etiamnum
945 3449 1108 3505 inoffi*

54 3534 179 3594 Intem'm
200 3535 328 3598 multum
353 3546 383 3600 te
407 3559 477 3604 amo
501 3541 628 3608 dehac
652 3534 886 3606 sedulitatelll.
916 3537 973 3594 bs
988 3525 1134 3597 ΨΜ
