2370 3840
483 185 517 240 H.
538 183 711 256 Thederingi

316 379 367 451 70.
398 381 436 449 H.
460 380 689 468 dhederingus
713 381 749 450 a.
771 382 884 451 Remo.

92 505 263 576 Altorphi.
884 511 927 562 19.
945 505 1011 575 Apr.
1030 511 1093 560 1616.

160 602 364 682 Amplissimo,
392 600 563 661 Clarissimo
592 608 622 660 et
649 600 875 661 Consultissimo
905 601 958 662 Dn.
986 602 1094 678 Georgia

93 685 244 773 Remoffl,
280 683 438 774 P(atricio)
471 682 672 772 Ategusuno)
710 697 739 750 et
770 689 815 750 lC.
848 692 1093 769 praestantissimo,

94 785 176 862 Reip.
200 780 354 859 Noriherg.
401 778 577 839 Consiliario
606 779 795 860 dignissimo,
823 779 895 839 Duo.
925 787 955 840 et
981 779 1092 840 Favitori

94 875 170 954 plur.
194 869 375 930 honorando.
412 867 578 946 Nimnberg.
615 868 702 928 Aulm
725 867 911 947 Dillinghol.

162 961 190 1021 S.
214 960 246 1020 P.
277 958 368 1019 Pauci
392 964 461 1017 sunt
484 958 562 1037 dies,
588 957 777 1036 Amplissime
801 957 853 1017 Dm.
878 956 989 1018 Doctor
1011 957 1091 1033 Reme,

94 1051 205 1112 Fautor
232 1048 271 1128 pl.
300 1046 436 1128 colende,
469 1045 547 1125 qerod
575 1048 663 1106 amici
690 1048 750 1106 mei
780 1046 953 1126 singularis,
987 1049 1052 1107 civis
1071 1048 1092 1102 et

96 1140 269 1200 mereatoris
305 1138 457 1215 vestratis,
489 1135 541 1195 Dn.
569 1135 708 1195 Iohannis
740 1134 849 1195 Helmii
881 1134 1091 1215 flagitationibus

96 1232 252 1305 invitatus,
276 1227 340 1285 eius
363 1227 487 1303 insuper
510 1227 541 1284 in
564 1243 611 1284 me
636 1225 742 1284 olliciis
765 1225 867 1285 multis
890 1233 1047 1304 permotus,
1066 1219 1091 1280 ad

95 1319 153 1378 Vos
181 1317 371 1393 transieram,
402 1321 436 1373 ut
468 1315 561 1374 sacris
593 1316 688 1392 ipsius
720 1313 903 1393 nuptialibus
935 1317 1091 1375 interessem

97 1408 235 1484 diemque
262 1421 356 1464 unum
384 1421 417 1463 ac
445 1402 571 1463 alterum
600 1396 806 1486 (quodetiam
835 1397 961 1486 factum)
989 1403 1092 1463 hilarem

96 1496 208 1557 ibidem
231 1494 390 1572 exigerem.
436 1492 500 1562 Qua
528 1494 683 1552 occasione
711 1491 845 1552 Vestram
873 1511 992 1572 quoque
1018 1484 1092 1566 Ampl-

97 1582 293 1647 conveniendi
317 1584 433 1642 animus
455 1588 527 1661 erat,
549 1587 584 1641 ut
602 1588 632 1641 et
650 1583 781 1642 animum
799 1581 860 1660 lpsi
878 1600 980 1642 meum
998 1587 1093 1660 gratum

96 1695 151 1754 pro
179 1671 364 1734 commodata
391 1671 488 1731 denuo
516 1673 548 1729 in
576 1670 746 1731 coemendis
777 1669 863 1730 libris
896 1689 987 1750 opera
1014 1679 1094 1730 coram

98 1781 278 1842 exponerem
303 1769 332 1820 et
354 1762 534 1838 assignatam
557 1761 589 1818 in
612 1758 720 1819 litteris
743 1760 774 1818 A.
789 1759 821 1819 V.
845 1763 1003 1838 pecuniam
1024 1755 1094 1819 resti·

100 1860 221 1913 tuerem.
244 1850 411 1928 Utrumque
429 1849 486 1909 hoe
504 1850 690 1927 propositum
709 1847 842 1908 absentia
861 1848 892 1908 A.
908 1849 939 1909 V.
959 1857 1021 1911 tuni
1038 1856 1096 1907 tem·

97 1942 180 2019 poris
203 1937 333 1998 inhibuit
356 1945 386 1997 et
409 1937 577 2018 suspendit,
606 1939 691 1997 cuius
714 1956 793 1997 nrrne
816 1955 871 2016 per
894 1937 1008 1999 litteras
1029 1951 1097 1997 erse·

99 2027 210 2106 quendi
241 2028 321 2086 varia
354 2025 427 2085 mihi
458 2026 605 2086 incumbit
636 2028 814 2107 necessitas,
851 2045 890 2086 ne
923 2027 1036 2088 scilicet
1062 2015 1098 2083 rel

99 2120 268 2195 impensum
291 2114 340 2174 lric
363 2114 394 2174 A.
414 2114 446 2174 V.
469 2115 600 2175 lahorem
623 2114 718 2175 levius
737 2123 767 2176 et
784 2115 873 2176 vilius
893 2119 1047 2176 aestimare
1063 2104 1099 2171 rel

99 2207 135 2267 de
167 2207 294 2285 pristina
326 2222 391 2263 mea
423 2206 592 2282 integritate
625 2223 659 2265 ae
687 2203 744 2264 fide
773 2207 932 2283 quicquam
963 2206 1101 2266 remisisse

99 2292 270 2374 coarguam
292 2294 399 2374 Quare,
423 2294 501 2371 quod
525 2295 643 2372 saepius
667 2293 790 2353 antehac
813 2295 933 2375 laetum,
957 2294 1102 2355 observan-

98 2389 170 2447 tiam
202 2402 299 2444 meam
332 2391 361 2443 et
394 2382 506 2443 cultum
538 2381 634 2442 denuo
667 2382 734 2442 heic
756 2382 787 2442 A.
811 2383 842 2443 V.
872 2382 976 2443 addico
1008 2392 1037 2444 et
1062 2381 1103 2442 ob·

100 2477 226 2554 stringo,
259 2491 338 2532 nexu
361 2474 451 2532 etiam
473 2477 555 2531 tanto
578 2472 713 2551 arctiori,
745 2479 855 2551 quanto
883 2475 979 2532 maior
1005 2471 1105 2533 heneti·

100 2566 214 2623 ciorum
232 2569 400 2622 vestrorum
418 2563 450 2620 in
469 2579 516 2620 me
536 2559 673 2620 cumulus
692 2562 862 2620 accessione
877 2563 934 2622 ista
953 2561 1105 2622 identidem

100 2651 235 2711 efficitur.
267 2649 410 2728 Proroget
428 2649 533 2710 lehova
551 2648 630 2709 Deus
649 2648 743 2728 Ampl.
773 2649 894 2710 Vestrae
914 2653 1006 2712 vitam
1029 2654 1106 2711 istam

101 2749 130 2801 et
152 2739 361 2819 valetudinem,
384 2757 442 2817 quo
466 2739 594 2817 gaudere
614 2738 666 2798 diu
689 2744 749 2798 tam
772 2738 866 2798 nobili
884 2738 988 2800 Vestra
1008 2743 1107 2800 virtute

101 2838 130 2890 et
153 2831 304 2910 comitate,
333 2839 407 2906 quae
430 2846 532 2906 parem
556 2826 741 2908 nonhabet,
768 2827 840 2888 boni
863 2846 967 2888 omnes
993 2822 1107 2908 queant!

100 2917 161 2979 Nec
179 2918 317 2998 pluribus
336 2935 401 2976 eam
419 2917 468 2977 hic
488 2916 703 2997 depraedicabo
723 2924 773 2977 aut
786 2935 959 2998 persequar,
978 2936 1026 3000 ne,
1046 2918 1108 2978 dum

100 3007 321 3068 lenocinatorem
344 3006 464 3066 laudum
487 3006 519 3065 A.
543 3005 574 3065 V.
597 3024 645 3065 me
670 3009 866 3087 constituero,
896 3025 947 3066 eas
975 3008 1109 3086 pauperis

100 3099 212 3175 ingenii
236 3104 265 3156 et
288 3097 445 3156 crassioris
468 3094 615 3153 Minervae
640 3094 725 3173 eulpa
749 3095 880 3155 deteram
903 3098 1004 3174 potius
1030 3111 1110 3176 quam

101 3202 250 3244 exornem.
296 3183 454 3262 Negotiosa
477 3201 526 3242 res
550 3190 596 3242 est
618 3189 706 3261 atque
730 3184 803 3243 adeo
826 3184 1012 3263 periculosae
1037 3185 1110 3246 aleae

102 3271 188 3351 plena
220 3271 279 3333 τὸν
312 3268 433 3346 {dovae
466 3267 648 3349 ἄντιξύειν,
680 3271 736 3332 hoo
769 3279 828 3352 est,
860 3275 941 3332 iuxta
971 3274 1112 3352 Plautum,

102 3354 313 3420 redhostire448
346 3368 462 3440 contra,
494 3368 528 3421 ut
556 3362 712 3420 merueris.
758 3360 903 3439 Equidem
935 3363 1112 3423 voluntatem

95 3447 292 3508 declarandae
314 3449 508 3529 gratitudinis
531 3451 565 3510 in
587 3448 737 3530 omnibus,
758 3468 833 3527 mirae
856 3468 872 3510 a
895 3468 943 3510 me
967 3451 1114 3530 proticisci

42 3581 46 3583 .
68 3544 238 3622 poterunt,
274 3540 390 3605 studiis
418 3541 520 3626 Ampl.
543 3540 672 3603 Vestrae
703 3537 904 3619 oromaturum
929 3555 981 3595 me
1007 3555 1118 3615 semum
