2370 3840
446 183 484 237 ad
501 181 548 242 W.
566 184 725 242 Meurerum
1067 185 1092 250 ’7

72 352 185 415 rumor,
204 340 238 394 ut
256 332 292 396 ad
308 352 356 394 me
371 333 494 414 scribas,
512 351 593 412 rogo.
631 333 766 414 Quaeris,
785 333 894 395 maltha
907 333 1039 402 Romana
1054 353 1091 396 ex
1132 395 1140 400 .

71 423 184 504 quibus
203 429 331 503 constot3
350 422 537 502 respondebo
556 416 699 502 pancisit
737 423 800 484 Duo
814 422 941 486 malthae
956 424 1090 487 laeticiae

70 531 183 592 genera
206 513 369 591 scriptores
391 520 508 574 veteres
531 513 692 575 memoriae
716 511 911 575 tradiderunt.
957 513 1091 584 Quorum

72 611 224 681 utrunque
248 603 436 680 componitur
459 620 496 663 ex
517 601 597 663 calce
616 594 647 662 et
665 598 751 681 adipe
772 600 868 684 suillo,
892 601 944 667 sed
964 601 1091 667 alterum

72 699 229 771 praeterea
247 708 371 752 succum
385 691 434 751 tici
448 692 565 771 recipit,
584 689 710 752 alterum
723 693 822 770 picem
835 690 987 771 liquidam.
1018 691 1091 753 Eam

73 780 224 860 maltham,
238 798 328 859 quam
343 777 488 858 Georgius
502 778 657 842 Fabricius
672 779 781 861 attuit,
795 782 892 859 picem
906 798 967 843 non
980 780 1090 842 babere

73 872 148 932 satis
168 869 280 931 indicat
299 868 389 930 color.
426 868 588 933 Litboeolla
602 875 701 931 autem
716 876 746 930 et
760 871 976 948 compositione
991 877 1021 930 et
1036 888 1092 933 usu

72 959 177 1020 diiiert
203 957 240 1018 ab
262 965 388 1037 utraque
412 957 535 1039 maltha,
558 957 637 1038 quod
660 957 715 1020 bae
739 965 876 1022 constent
899 977 936 1020 ex
959 958 1038 1020 calco
1063 966 1093 1020 et

73 1048 162 1126 adipe
190 1055 220 1108 ot
243 1049 432 1127 potissimum
456 1049 499 1108 eis
522 1046 701 1110 obturentur
723 1049 816 1110 rimae
841 1049 1039 1110 cisternarum
1063 1055 1092 1108 et

75 1138 285 1218 pistrinarum,
312 1154 367 1215 per
395 1154 469 1215 quas
496 1155 571 1215 aqua
598 1135 707 1218 effluit,
735 1136 785 1197 iila
810 1155 846 1199 ex
868 1136 990 1218 pultem
1014 1155 1091 1198 mar·

74 1227 169 1287 moris
192 1232 222 1285 et
245 1224 358 1304 glutino
382 1227 461 1287 tauri
483 1225 534 1286 liat
556 1232 645 1305 atque
668 1244 703 1286 ea
722 1228 914 1291 caementarii
932 1229 1091 1289 marmoris

73 1315 240 1393 fragmenta
267 1333 336 1376 cum
362 1312 479 1394 reliquo
507 1333 632 1394 corporo
656 1314 869 1393 conglutinent.
914 1314 1009 1380 Hodie
1033 1315 1091 1377 duo

73 1402 242 1464 litbocollae
274 1421 384 1482 genera
416 1410 486 1466 sunt
517 1405 550 1466 in
577 1422 647 1484 usu,
680 1423 807 1484 quorum
834 1411 985 1484 utrunque
1013 1407 1092 1484 capit

72 1491 228 1572 pulverem
256 1492 286 1553 id
315 1510 409 1571 genus
437 1494 501 1553 saxi
528 1490 574 1553 vel
601 1495 772 1574 marmoris,
799 1493 897 1574 qualis
925 1494 1090 1573 fragmenta

72 1600 143 1643 cum
174 1583 281 1642 maiori
312 1581 390 1642 mole
424 1583 644 1663 coniungimuS,
676 1600 770 1642 unum
799 1584 923 1661 insuper
951 1582 1091 1643 albumen

72 1673 136 1753 ovi,
164 1669 290 1732 alterum
316 1673 422 1750 picem.
468 1670 512 1731 Ad
540 1670 613 1731 haec
641 1669 691 1731 alii
719 1669 775 1730 alia
798 1670 950 1731 adiiciunt.
997 1671 1090 1732 Suum

71 1763 163 1821 etiam
191 1760 319 1820 malthae
347 1778 441 1838 genus
468 1758 579 1820 habent
606 1760 702 1819 nostri
724 1756 878 1840 metallici,
907 1777 965 1838 quo
989 1762 1089 1841 rimas,

72 1867 149 1929 quae
178 1856 248 1911 sunt
275 1850 306 1909 in
334 1849 425 1909 fundo
453 1851 554 1928 magni
581 1850 684 1929 catini,
713 1847 885 1930 obstruunt,
912 1866 950 1909 ne
973 1848 1090 1909 metalla

72 1938 232 2018 liquefacta
250 1957 305 2017 per
324 1956 375 1999 eas
395 1937 570 1999 dilabantur.
608 1937 646 1998 Ut
665 1940 745 1998 enim
764 1937 977 1999 maltba'retus
997 1956 1089 2018 aquae

72 2026 220 2106 liquorem
253 2034 372 2089 coercet
402 2034 433 2089 et
460 2029 604 2109 continet,
636 2028 678 2087 ita
705 2046 780 2088 nova
807 2026 1001 2090 metallorum.
1048 2027 1090 2088 De

71 2116 183 2195 quibus
211 2115 349 2179 omnibus
373 2124 403 2178 et
426 2115 575 2178 similibus
598 2115 744 2179 disseram
767 2119 799 2179 in
822 2115 899 2177 libro
923 2125 1028 2197 quarto
1053 2116 1090 2177 de

72 2213 179 2267 natura
194 2204 349 2269 fossilium.
386 2206 485 2267 Patria
500 2214 551 2268 tua
565 2207 661 2284 gignit
674 2223 724 2268 res
738 2205 909 2286 metallicas,
928 2205 965 2267 de
981 2205 1089 2284 quibus

72 2312 170 2374 nuper
193 2288 345 2377 scripsi⁸³3
368 2314 428 2375 eas,
451 2302 484 2357 ut
506 2297 636 2374 primum
661 2296 777 2355 occasio
801 2292 869 2354 data
887 2293 985 2375 fuerit,
1009 2312 1089 2374 cura,

73 2391 107 2445 ut
135 2384 305 2447 afferantur
352 2384 384 2445 Si
412 2384 483 2463 quid
507 2383 652 2463 volueris,
680 2382 758 2462 quod
781 2389 934 2461 praestare
958 2401 1090 2463 possum,

72 2474 206 2535 vicissim
229 2491 246 2534 a
268 2491 316 2534 me
339 2472 425 2534 facile
448 2471 631 2553 impetrabis.
678 2470 834 2532 Badhorno
857 2471 971 2534 referes
996 2472 1089 2552 pluri-

72 2580 152 2622 mam
175 2560 252 2624 salut
239 2568 309 2623 t.em
355 2562 433 2624 Vale

118 2667 335 2751 llempnicii,
358 2668 406 2731 lll.
425 2667 498 2729 ldib.
517 2666 604 2729 Febr.
628 2686 705 2729 anno
724 2666 762 2730 M.
781 2666 814 2729 D.
832 2666 915 2729 XLV.

668 2773 847 2855 Georgius
869 2773 1044 2853 Agricola.

315 2963 344 3035 l.
378 2964 413 3033 o.
432 2965 592 3053 Agricola
610 2965 665 3036 W.
683 2965 845 3035 lleuroro.

70 3067 301 3141 (Kampnieii).
353 3068 358 3076 ’
858 3073 898 3124 16.
917 3069 989 3138 Aug.
1009 3074 1088 3126 1545.

139 3182 259 3244 clariss,
283 3190 313 3244 et
336 3182 456 3244 doctiss.
478 3182 655 3262 philosopho
680 3201 713 3243 ae
737 3182 853 3242 medico
877 3181 904 3242 d.
928 3182 1089 3264 Vollgango

69 3273 208 3334 Meurero
227 3275 324 3334 amico
344 3290 407 3334 suo.
444 3273 499 3333 20.
519 3272 763 3348 repositione.
804 3273 913 3346 Georo.
933 3275 1089 3348 Agricola.

140 3363 168 3424 S.
187 3361 219 3423 ll.
248 3361 348 3425 lacobi
367 3355 491 3442 spotti*
514 3361 639 3423 libros'
631 3379 691 3423 ram
715 3360 766 3422 diu
788 3362 983 3441 remisissem,
1006 3364 1033 3424 si
1051 3364 1090 3422 iis

71 3470 132 3512 non
164 3450 291 3512 multum
324 3453 506 3533 timuissem,
538 3469 576 3514 ne
608 3449 659 3514 uel
688 3448 797 3533 pluuia
823 3449 1036 3510 madescam
1059 3444 1121 3498 uu

61 3539 258 3601 laederentur
278 3558 295 3601 a
320 3540 486 3606 tabellario.
527 3543 573 3608 to
597 3561 783 3628 proximum
799 3543 987 3603 mercatum
1000 3524 1148 3595 ΜΨ
