2370 3840
513 166 650 237 epistolae
1022 167 1086 232 129

57 315 99 376 ad
130 314 205 376 illud
229 314 347 397 Clarus,
375 315 412 376 ad
439 316 516 377 hanc
543 316 606 378 Rex
635 336 704 378 cnm
725 316 912 379 Parlamento
941 318 1086 380 inclinare

57 404 213 466 videntur·
229 403 355 466 durante
377 404 456 466 bello
479 405 590 468 Italico.
632 407 760 468 Tantum
783 406 863 467 volni
886 427 902 468 a
925 406 1003 468 febri
1025 416 1085 469 ter·

55 497 144 555 tiana
173 494 314 556 diuturna
337 493 495 576 liberatus,
522 497 572 556 eui
599 497 666 556 rina
689 496 852 577 Moravica,
879 496 1034 558 Austriaca
1056 505 1088 558 et

55 582 234 662 Hungarica
266 600 370 644 ansam
403 577 484 666 (mea
512 578 668 669 opinione)
700 603 762 647 non
789 585 885 646 levem
912 585 1086 665 praebuere.

54 671 179 744 Quodsi
210 672 300 734 huius
332 673 464 752 regionis
497 691 549 734 aer
582 681 612 734 et
638 676 735 736 victus
762 692 811 736 me
839 675 990 735 offendere
1017 693 1085 754 per-

57 763 210 843 rexerint,
233 761 313 822 aliud
337 761 496 823 consilium
519 763 684 824 ineundum
703 764 800 824 fuerit.
840 762 983 825 Rescribe
1002 765 1086 824 ocius

54 859 90 912 et
127 850 165 912 de
197 849 489 913 memorabilioribus
517 852 594 932 apud
618 851 676 913 Vos
703 852 822 932 plenius
850 871 898 915 me
926 854 1084 913 certiorem

57 939 169 1002 redde.
192 938 262 1001 Vale
277 946 309 1001 et
322 939 401 1001 salve
415 958 484 1002 cum
497 940 530 1002 b.
545 940 638 1021 Copio
653 950 684 1002 et
696 941 729 1003 b.
744 942 868 1023 Nochio,
884 944 988 1003 amicis
1001 943 1086 1003 meis.

106 1045 181 1106 Dab.
204 1047 235 1106 in
259 1045 505 1130 OberSchle'sien,
532 1048 628 1109 auim
653 1047 794 1110 Schlois
818 1042 1030 1110 Neudcek⁶⁹⁰
1052 1051 1085 1109 in

55 1135 120 1196 der
141 1134 327 1196 Herrschaht
350 1135 495 1218 Bouthen,
519 1137 567 1198 die
592 1135 644 1198 29.
663 1136 820 1199 Novembr.
840 1157 865 1199 a.
886 1134 981 1200 1625.

278 1241 361 1304 Tuus
385 1246 468 1304 omni
490 1245 599 1305 affectu

211 1349 436 1414 Hermannus
459 1349 641 1430 Tedering
664 1371 680 1412 a
703 1350 937 1433 Ringenthal,

56 1455 272 1536 Dynastiarum
305 1456 461 1536 Oderberg
492 1464 522 1518 et
549 1456 686 1519 Beuthen
718 1460 750 1518 in
778 1458 848 1538 Sup.
877 1457 983 1518 Silesia
1011 1477 1039 1537 p.
1063 1466 1083 1518 t.

129 1543 303 1608 Praefectus
328 1554 358 1607 et
380 1546 487 1608 Iudicii
509 1546 607 1607 Aulioi
631 1547 743 1607 ibidem
766 1546 900 1607 Praeses.
923 1550 1016 1625 mpp⁸.

212 1787 266 1858 89.
296 1789 333 1858 Η.
356 1789 586 1879 Τιιιίιιίιιςιιι
609 1789 679 1859 Nic.
701 1790 936 1859 Rittershnsio.

57 1893 240 1964 Bythomii
258 1892 293 1948 in
313 1892 387 1964 Sup.
407 1893 466 1951 Sil.
860 1901 903 1951 25.
921 1895 979 1950 Ian.
1000 1901 1081 1951 1629.

130 2006 303 2068 Clarissimo
337 2009 401 2068 viro
433 2007 559 2070 Domino
593 2008 714 2070 Nicolao
746 2009 947 2070 Rittershnsio
974 2009 1029 2072 lCo
1050 2057 1081 2072 ..

58 2097 194 2176 Dantzig.

131 2185 304 2247 Clarissimo
336 2185 462 2247 Domino
495 2185 617 2248 Nicolao
644 2186 845 2247 Rittershusio
874 2185 955 2268 Icto,
987 2190 1082 2248 amico

58 2294 128 2338 meo
153 2277 248 2336 veteri
270 2282 301 2336 et
322 2293 403 2358 vcro,
427 2275 607 2337 salutemet
631 2273 739 2336 officiat

129 2363 329 2426 Vehementer
352 2365 394 2426 Te
418 2365 536 2447 affligit,
565 2371 708 2444 quantum
731 2363 840 2424 litteris
863 2362 992 2445 indicae,
1015 2362 1081 2423 Dal-

59 2447 184 2515 ιιιιιί581
215 2456 261 2515 tui
291 2456 432 2515 iuvenum
460 2457 537 2515 citra
563 2453 706 2514 invidiam
733 2452 844 2514 lectiss.
872 2459 1081 2532 praematurus

58 2543 171 2604 obitus.
217 2542 266 2604 Nil
294 2545 401 2624 miror,
429 2545 456 2604 si
483 2552 513 2604 et
540 2550 625 2605 tuum
654 2543 793 2604 affectum
821 2541 992 2624 considero,
1023 2560 1081 2622 quo

60 2631 193 2712 ephorus
217 2631 292 2693 alter
314 2650 423 2712 parcns
447 2633 586 2714 efficitur,
608 2639 639 2693 et
657 2634 752 2711 ipsius
772 2651 789 2693 a
807 2633 848 2693 Te
867 2632 1016 2693 laudatam
1035 2635 1080 2693 in

60 2720 161 2782 dolem
183 2720 346 2802 perpendo,
372 2741 430 2802 qua
454 2739 557 2782 omnes
580 2721 666 2782 facile
690 2723 722 2782 in
746 2739 830 2783 suam
854 2722 1081 2783 admirationem

59 2828 169 2890 rapere
191 2812 297 2891 potuit.
334 2810 393 2872 Sed
418 2813 444 2872 si
467 2811 619 2891 deplorata
642 2811 716 2872 haec
739 2819 874 2890 tempora
892 2811 1081 2888 introspicia-

59 2917 144 2981 mus,
171 2898 280 2978 quibus
302 2899 406 2961 Martis
432 2901 515 2962 furor
539 2918 642 2962 omnes
666 2900 760 2961 ferme
783 2899 919 2978 Europae
942 2899 1081 2977 regiones

59 2995 218 3070 perreptat
242 2995 361 3050 ettam
384 3008 468 3051 sacra
493 3008 582 3069 quam
605 2989 729 3069 profana
753 2991 850 3049 omnia
875 2988 960 3047 miris
983 2986 1081 3047 modis

58 3080 182 3159 miscet,
208 3077 322 3160 turbat,
345 3078 514 3161 perturbat,
538 3086 589 3159 opt
576 3081 648 3139 time
673 3077 823 3139 cumillis
848 3083 946 3137 actum
969 3075 1081 3136 iudica·

59 3167 171 3248 bimus,
196 3169 248 3246 qui
272 3167 307 3228 ad
331 3168 514 3250 πολίτευμα
537 3167 610 3229 illud
635 3166 763 3228 coeleste
783 3168 888 3246 primis
906 3163 1082 3226 melioribus

58 3258 151 3318 annis
172 3257 287 3317 avocati
309 3274 370 3318 non
393 3258 471 3320 diu
463 3278 495 3340 nr
513 3258 571 3319 hoc
589 3255 741 3318 immundo
761 3263 791 3317 et
808 3273 951 3337 perverso
970 3255 1081 3317 mundo

59 3346 249 3450 peregrinari
268 3354 379 3425 cogunt
379 3366 422 3409 ur.
460 3332 661 3409 Nihilominus
680 3346 817 3408 homines
837 3363 939 3407 snmus
954 3345 1081 3424 ideoque

57 3451 139 3514 quos
170 3436 203 3494 in
232 3435 291 3495 vita
320 3454 404 3498 caros
432 3436 606 3522 babuimus,
637 3455 677 3499 en
702 3435 801 3498 ocuiis
826 3441 953 3514 ereptos
976 3452 1100 3505 amose

56 3521 146 3582 dolor
144 3539 162 3581 θ
183 3525 346 3607 sequimur,
369 3532 607 3617 prosequimur,
630 3529 709 3594 dnm
728 3527 935 3591 eiuratione
948 3476 1128 3578 nonio&

96 3627 214 3676 Erre„
187 3641 249 3672 ιιιι
263 3633 326 3678 xvr
338 3642 364 3682 ιι
380 3642 465 3690 xrn.
954 3623 977 3668 (ὃ
