2370 3840
513 185 652 257 epistolae
1045 187 1087 252 57

69 334 266 414 Conspirasse
284 355 333 397 me
351 339 383 397 iu
402 335 540 417 plurimis
558 343 666 417 tecum,
690 339 735 397 uti
753 336 854 397 videre
873 339 987 416 poteris
1005 337 1090 399 brevi

69 442 108 484 ex
131 443 207 485 nora
226 425 395 504 Symmachi
408 426 538 486 editione
557 419 707 506 Lectii²⁶⁹,
730 428 779 486 cui
802 429 989 487 coniecturas
1007 445 1089 488 meas

70 520 140 573 ante
164 532 274 575 anuum
296 517 532 576 transmiseram.
565 514 608 574 ld
627 515 847 575 Artemidorum
872 516 951 594 quod
975 518 1088 596 attinet,

70 604 98 662 si
119 603 190 681 quid
208 603 309 685 habes,
333 604 411 683 quod
435 602 589 664 meliorem
609 604 697 664 iaciat
714 605 881 664 versionem
901 599 1089 686 Cornarii270,

70 690 162 752 habet
184 695 249 772 ipse
273 691 476 754 Commelinus
498 688 553 772 <in
576 690 698 773 animo>
722 711 787 754 eam
814 713 883 754 cum
906 693 1018 754 Graeco
1043 712 1088 754 re-

71 780 182 841 cudere
205 780 296 842 brevi.
343 781 535 843 Casaubonus
562 783 635 842 mihi
663 789 730 842 ante
761 790 904 843 semestre
929 784 1090 861 scripserat

71 876 210 947 rogatum
233 889 265 931 se
289 890 305 931 a
329 871 456 951 quodam
478 873 543 930 viro
566 889 687 952 magno,
716 871 856 933 editionis
879 874 945 932 eius
966 870 1090 932 haberet

71 976 190 1041 curam3
222 960 275 1020 sed
303 963 449 1020 reiecerat
475 958 559 1020 illum
587 960 623 1020 ad
646 979 708 1042 me,
736 960 816 1039 quod
843 968 911 1022 ante
934 959 1089 1021 biennium

71 1049 100 1107 ei
126 1050 315 1128 scripsissem
344 1057 463 1129 paratos
492 1047 602 1110 habere
632 1067 680 1110 me
711 1053 940 1111 commentarios
968 1049 1029 1110 lere
1058 1052 1088 1109 in

70 1135 159 1196 illum
183 1132 387 1199 auctorem²⁷¹.
433 1138 470 1197 nt
492 1140 585 1219 enim,
616 1145 650 1198 ut
672 1141 769 1220 noris,
802 1139 948 1200 Graecum
974 1146 1090 1198 textum

70 1226 206 1286 nondum
227 1227 297 1287 vidi.
344 1226 582 1288 Commentarius
609 1234 707 1288 autem
735 1246 820 1289 meus
848 1235 961 1309 spectat
990 1246 1089 1288 mores

70 1321 188 1376 tantum
211 1323 241 1376 et
258 1315 409 1397 historica,
433 1315 542 1395 quibus
561 1315 643 1377 dives
662 1324 708 1377 est
727 1320 910 1379 somniorum
929 1316 978 1379 ille
998 1319 1089 1378 inter-

71 1423 152 1485 pres
176 1404 278 1484 Itaque
297 1413 370 1485 puto
389 1405 627 1466 emendationem
645 1413 745 1467 textus
759 1405 866 1468 Graeci
884 1406 1088 1468 aCasauhono

71 1501 210 1555 curatum
232 1496 279 1555 iri.
320 1494 367 1556 Tu
390 1497 416 1554 si
439 1512 557 1574 quoque
581 1495 652 1574 quid
676 1502 770 1576 potes,
794 1496 937 1557 candidus
960 1497 1089 1574 imparti.

70 1582 115 1643 lta
139 1585 228 1644 iussit
250 1583 414 1645 scriberem
437 1583 646 1644 Commelinus.
692 1584 801 1662 Scoppi
831 1587 928 1645 nostri
951 1583 1090 1644 schedam

70 1672 202 1733 libenter
224 1671 283 1750 legi
305 1679 336 1733 et
353 1671 466 1754 hortor,
489 1680 523 1733 ut
540 1680 652 1752 pergat.
684 1671 746 1751 Ego
766 1672 840 1732 nihil
859 1672 952 1733 habeo
971 1679 1091 1750 praeter

70 1769 154 1842 vota,
191 1761 300 1840 quihus
336 1779 405 1822 eum
437 1761 575 1822 adiutem.
626 1761 742 1821 Literas
776 1761 945 1822 Camerario
982 1763 1089 1820 missas

70 1849 173 1912 nullus
195 1850 270 1932 ridi3
302 1850 370 1910 ideo
393 1869 490 1929 neque
519 1850 555 1911 ad
584 1853 680 1930 capita
707 1850 825 1912 illarum
849 1858 907 1932 est,
940 1849 1019 1930 quod
1043 1868 1090 1910 re-

71 1939 244 2019 spondeam.
289 1938 394 2000 Eidem
426 1947 526 2000 tamen
557 1957 638 2000 nunc
665 1943 780 2020 nescio,
813 1940 884 2020 quid
918 1940 1090 2019 scriberem,

69 2031 133 2090 nisi
156 2029 188 2088 in
211 2030 269 2089 isto
294 2030 468 2107 gravissimo
491 2028 574 2090 luctu
597 2032 714 2091 animus
742 2030 867 2090 aliarum
890 2036 970 2091 esset
987 2046 1089 2090 rerum

71 2111 158 2201 (sic).
186 2117 245 2178 Vos
258 2119 380 2178 interim
398 2117 475 2178 bene
489 2117 597 2198 valete3
617 2117 695 2179 salve
715 2126 803 2198 atque
822 2121 883 2179 tuis
901 2121 1089 2199 potissimum

70 2205 174 2267 verbis
205 2208 251 2266 vir
279 2205 320 2267 Cl.
345 2205 398 2267 [tn.
421 2206 658 2288 Wesembecius,
691 2206 723 2267 ll.
748 2207 873 2268 Gentilis
906 2215 936 2268 et
968 2210 993 2266 si
1022 2208 1089 2285 quis

70 2295 163 2357 isthic
185 2302 340 2375 praeterea
362 2298 422 2356 mei
445 2314 567 2356 memor.

119 2401 396 2483 Heidelbergae,
419 2401 467 2462 die
485 2398 516 2462 4.
530 2401 644 2462 Ianuar.
661 2397 765 2482 1597,
785 2420 874 2481 quern
893 2400 976 2461 vobis
996 2402 1090 2460 omni-

70 2491 131 2552 bus
154 2491 284 2551 faustum
311 2490 490 2570 vitalemque
519 2498 587 2570 opto
616 2497 646 2551 et
674 2509 770 2570 spero.
816 2490 895 2552 Haec
918 2493 1027 2571 raptim
1049 2491 1090 2550 ita

71 2587 169 2642 utne
193 2579 350 2659 relegerim
375 2580 459 2662 quid3
484 2580 562 2658 quod
586 2580 648 2640 lere
673 2579 745 2641 mihi
769 2579 876 2641 solens.

281 2784 333 2856 45.
365 2788 391 2856 Ι.
415 2787 574 2856 Gruterus
598 2790 629 2856 d.
653 2789 886 2859 Ritlersbusio.

72 2909 341 2980 Heidelbergae.
847 2918 890 2967 tt.
909 2909 990 2965 Febr.
1010 2915 1088 2968 1598.

142 3006 172 3067 S.
191 3005 222 3066 P.
254 3004 370 3066 Literas
402 3012 482 3087 tuaS,
510 3006 620 3085 quibus
648 3006 765 3067 additus
793 3005 858 3066 dies
884 3005 986 3065 XXlIl.
1009 3005 1091 3086 Nou,

72 3104 143 3157 ante
171 3094 305 3156 triduum
332 3101 437 3156 nactus
464 3113 544 3175 sum3
576 3098 676 3174 itaque
700 3094 864 3156 excusabor
888 3096 963 3175 scio,
996 3097 1091 3155 sicis

72 3187 174 3247 serius
201 3183 367 3263 respondeo
396 3183 485 3245 etde
510 3183 663 3264 Suspectis
687 3176 871 3261 Schoppiim
899 3182 1008 3244 uberes
1036 3203 1090 3264 ago

71 3273 130 3335 tibi
154 3275 242 3352 eique
261 3275 380 3351 gratias
412 3272 465 3333 His
484 3271 558 3333 locis
576 3291 724 3351 nusquam
742 3270 827 3332 licuit
845 3275 988 3354 reperire,
1012 3274 1090 3353 quod

73 3381 147 3442 ergo
164 3380 258 3424 unum
282 3360 416 3442 licuerat,
439 3360 570 3422 Frehero
593 3369 697 3422 nostro
719 3362 787 3421 vine
811 3379 848 3421 an
866 3364 1001 3464 precario
1025 3363 1090 3423 abs-

72 3451 139 3514 tuli.
185 3450 282 3531 Opera
306 3453 372 3512 eius
390 3469 450 3511 non
470 3451 704 3536 contemnenda,
726 3469 763 3514 oo
788 3453 885 3514 etiam
902 3453 1020 3527 maogxs,
1039 3451 1118 3519 opis

71 3543 207 3618 egotam
227 3557 288 3598 non
312 3539 376 3600 dies
402 3540 491 3628 duco,
515 3544 572 3608 sed
597 3537 765 3629 aunosffi,
795 3542 885 3626 uuoh
902 3546 1020 3599 tamen
1034 3527 1147 3597 meib*
