2364 3832
482 185 689 240 Adnotaticnes
1031 181 1093 249 141

76 327 163 384 toris’
180 328 244 383 loco
259 329 398 384 admissus
412 331 485 397 erat3
504 329 535 383 in
549 327 676 400 epistolis
691 326 815 382 Fabricii
828 328 936 397 passim
950 333 1036 398 (num.
1051 335 1094 385 4⁷.

77 407 124 456 50.
143 406 179 454 52
196 400 298 471 B.-Cr.)
321 403 420 473 gratae
444 400 505 455 eius
528 403 558 455 et
579 398 750 453 honorificae
774 400 930 454 sententiae
953 401 1094 473 legrmtur.

74 470 174 525 Etiam
192 471 283 526 vitam
301 472 428 528 eiusdem
447 474 477 526 et
494 471 641 542 epicedion
660 470 782 524 scribere
799 470 898 542 voluit,
919 472 969 526 sed
1007 473 1096 528 ublici

73 543 147 597 iuris
166 542 260 598 facere
280 543 404 613 destitit3
424 543 526 612 quibus
546 542 581 598 de
595 541 688 596 causis
702 559 759 596 non
772 544 885 596 constat
898 545 933 612 (v.
949 544 984 599 Sc
1020 545 1096 599 eberi

74 614 168 669 vitam
187 613 219 670 G.
235 615 359 670 Fabricii
377 634 404 685 p.
419 616 524 684 43sq.).
598 613 635 668 21
654 613 688 668 V.
707 632 733 683 p.
750 619 765 666 1
785 616 814 667 et
833 614 897 668 adn.
913 620 937 668 3.

150 684 189 740 22
208 686 291 756 Egid.
310 686 450 740 Misnerus
468 685 628 755 Misnensis,
646 685 720 739 fidus
735 685 852 738 Borneri
869 684 999 740 minister
1019 687 1096 755 ‘qui-

76 773 133 826 que
161 755 208 810 illi
234 774 285 828 per
312 757 462 812 duodecim
488 757 614 827 integros
643 773 731 810 annos
755 755 841 810 etiam
865 756 900 810 de
924 773 974 811 suo
998 757 1096 812 vivens

76 827 224 898 servivit',
242 830 415 884 memoratur
432 827 520 883 etiam
537 828 568 882 in
582 827 662 883 Actis
675 829 775 882 rector.
790 827 911 882 univers.
930 828 1018 882 studii
1031 828 1095 899 Lip-

77 898 182 984 siensis
205 899 274 982 edit.
298 917 316 954 a
339 901 370 982 F.
389 900 608 983 zemate-1859
632 917 658 969 p.
678 904 744 968 321,
769 904 833 968 327,
853 905 970 970 332sq.,
995 906 1048 953 334
1068 904 1097 954 et

77 987 194 1098 saepi?
213 969 854 1125 {tnsslpwzgloptuliipglfflolossltffi&3¹ng
873 1041 988 1111 φυσικά.
1026 1042 1098 1125 ilaei

76 1119 185 1239 fivmmp
195 1111 319 1184 Ἢθηκά.
331 1157 354 1198 ¹:
366 1112 550 1239 Quaestronep
560 1113 715 1238 Alexflndn
725 1157 731 1168 .
743 1113 912 1238 meitprplles.
940 1114 1096 1240 Dpipnlrma.

78 1201 627 1338 meraritarum
642 1202 780 1338 <utu
799 1201 845 1310 r
858 1202 976 1312 .⁰.ur..
996 1202 1097 1312 *ltu

78 1327 220 1382 Zanetti..
242 1372 266 1398 .,
299 1344 363 1383 aere
395 1344 462 1383 vero
494 1331 524 1382 et
555 1328 706 1398 dihgentra
738 1329 776 1382 lo.
805 1327 903 1384 Franc.
928 1328 1098 1400 Frincaveli)

78 1399 261 1456 MDXXXVI.
289 1399 386 1454 Etiam
402 1397 549 1454 Fabricius
567 1399 637 1455 bibl.
657 1418 698 1471 gr.
717 1399 806 1452 V654
820 1400 863 1454 ed.
878 1399 987 1456 Harles.
1005 1418 1098 1455 exem·

77 1469 173 1540 pluria
196 1487 215 1524 a
238 1487 268 1526 se
291 1470 421 1542 inspecta
444 1470 539 1525 omnia
562 1488 664 1525 manca
686 1470 774 1524 fuisse
797 1470 880 1540 dicit,
908 1471 940 1525 id
963 1472 1038 1540 quod
1064 1473 1098 1525 de

78 1540 285 1611 Bybliothecae
312 1541 420 1612 Regiae
447 1541 637 1597 Berolinensis
665 1541 819 1611 exemplari
845 1541 906 1611 ipse
935 1544 1099 1597 confirmare

79 1629 204 1684 possum.
230 1613 271 1669 ef.
283 1613 308 1670 S.
318 1614 348 1670 F.
353 1614 399 1669 W.
405 1613 568 1668 Hoffmanni
578 1611 856 1683 Bibliographisches
865 1613 992 1667 Lexikon
1001 1614 1027 1667 1²
1038 1619 1097 1668 114.

152 1684 192 1740 24
215 1685 258 1740 De
280 1685 365 1740 rebus
388 1683 552 1754 metallicis,
577 1701 650 1754 quae
672 1682 717 1738 his
736 1684 766 1737 in
785 1682 913 1753 epistolis
932 1701 1098 1738 commemo-

80 1758 192 1827 rantur,
217 1755 242 1811 si
264 1755 328 1825 quis
348 1756 508 1811 accuratius
528 1756 598 1811 scire
616 1754 699 1823 velit,
723 1754 792 1824 quid
810 1753 944 1825 Agricola
964 1755 1098 1822 docuerit,

80 1827 293 1954 ditati
306 1826 865 1954 iiiiiiiiiiiiililsl‘iiattuii
879 1825 1100 1968 Filttfdptt

81 1973 146 2024 ortu
164 1973 194 2025 et
212 1969 306 2026 causis
325 1971 572 2025 subterraneorum
589 1971 650 2026 Lib.
664 1971 699 2027 V.
730 1970 772 2025 De
789 1972 894 2024 natura
912 1986 1008 2025 eorum
1027 1987 1100 2040 quae

82 2040 203 2096 effluunt
225 2059 261 2097 ex
282 2043 359 2097 terra
381 2041 442 2096 Lib.
461 2042 522 2097 llll.
559 2042 601 2096 De
624 2044 727 2096 natura
749 2041 890 2097 fossilium
911 2041 972 2098 Lib.
989 2044 1022 2098 X.
1058 2043 1100 2096 De

82 2113 226 2168 veteribus
245 2115 275 2168 et
288 2113 369 2168 novis
383 2112 509 2167 metallis
523 2113 584 2170 Lib.
594 2114 628 2167 II.
667 2113 841 2168 Burmannus
858 2156 864 2169 .
880 2157 885 2168 .
901 2113 1100 2182 Interpretatio

83 2182 254 2240 Gemanica
275 2201 378 2240 vocum
400 2185 442 2238 rei
460 2184 634 2253 metallicae,
658 2184 758 2238 addito
777 2183 873 2237 Indice
892 2184 1100 2239 secundissimo.

82 2254 143 2310 Nec
161 2256 222 2310 sine
240 2256 335 2310 fructu
354 2255 536 2310 adhibebitur
554 2255 654 2310 horum
671 2255 810 2310 librorum
827 2254 1024 2323 interpretatio
1039 2271 1101 2324 ger-

83 2327 197 2382 manica
224 2326 458 2382 adnotationibus
485 2327 625 2381 instructa
652 2326 689 2380 ab
712 2325 777 2379 Em.
796 2325 971 2394 Lehmanno,
1000 2325 1100 2394 Freyb.

84 2403 274 2466 1806-1812;
305 2400 524 2453 ‘Bermannum’
549 2398 627 2453 idem
655 2397 794 2469 singulari
820 2395 917 2450 libello
941 2396 1101 2466 germanice

84 2485 196 2524 versum
216 2475 286 2524 1806
310 2469 408 2526 edidit.
481 2469 519 2525 25
538 2469 589 2524 Ms.
609 2472 751 2541 cirpicem.
772 2500 804 2508 -
823 2466 957 2538 Agricola
980 2467 1011 2522 in
1028 2467 1101 2522 libro

84 2541 168 2596 modo
189 2541 311 2596 laudato
333 2561 361 2612 p.
376 2546 442 2597 227:
468 2541 576 2595 ‘sulfur
597 2557 615 2595 a
639 2540 746 2595 sulfure
765 2538 861 2594 diliert
878 2539 978 2596 colore.
1016 2539 1104 2595 Aliud

85 2612 160 2666 enim
182 2615 228 2668 est
249 2612 370 2683 luteum,
394 2611 478 2682 quale
501 2611 640 2682 reperitur
662 2612 693 2666 in
712 2611 836 2682 planicie
854 2610 908 2666 illa
926 2611 1105 2668 sulfurosaa

87 2683 238 2756 Campanis
256 2684 416 2756 virgineum
435 2684 623 2754 appellatum,
648 2685 724 2753 quod
741 2701 844 2753 purum
864 2683 913 2752 sit,
935 2685 1052 2741 tametsi
1070 2699 1105 2736 ex

87 2769 119 2810 ec
140 2754 320 2810 nominatum
340 2755 431 2811 videri
449 2755 553 2825 possit,
577 2756 652 2825 quod
671 2755 796 2826 virgines
815 2757 848 2809 ut
866 2755 954 2810 etiam
972 2755 1104 2810 mulieres

87 2841 119 2880 eo
131 2825 237 2883 faeiem
248 2826 396 2898 pingunt'
457 2826 495 2881 26
510 2827 604 2882 Venas
615 2826 819 2898 interpretatur
826 2824 960 2896 Agricola
973 2825 1103 2894 ‘Gange'

89 2899 125 2968 (p.
138 2901 214 2969 486),
238 2899 325 2954 fibras
345 2897 483 2953 ‘Kluffte’
504 2902 542 2968 (p.
557 2900 634 2968 478),
658 2897 856 2952 commissuras
880 2911 1012 2952 saxorum
1038 2896 1104 2950 ‘das

89 2969 222 3024 absetsen
240 2970 291 3024 des
309 2969 448 3040 gesteins’
470 2970 516 3040 (de
534 2987 565 3024 re
583 2970 729 3024 metallica
747 2969 766 3025 1.
781 2967 834 3023 XII
847 2972 926 3035 155⁷,
950 2969 1003 3024 sub
1022 2969 1107 3024 finem

89 3038 119 3094 in
132 3040 190 3096 ‘rei
198 3040 360 3096 metallicae
370 3042 619 3110 nomenclatura').
639 3041 741 3095 Fibrae
751 3041 847 3094 autem
857 3041 887 3092 et
896 3040 1106 3108 commissurae,

90 3126 161 3179 quae
182 3112 366 3168 tenuissimae
388 3113 477 3167 fibrae
500 3115 578 3182 sunt,
602 3129 620 3166 a
643 3129 775 3167 saxorum
796 3108 877 3165 venis
901 3107 1002 3165 eodem
1022 3111 1106 3165 modo

92 3185 191 3238 exeunt
210 3200 266 3254 quo
286 3183 453 3239 animalium
472 3187 508 3254 (p.
524 3186 577 3253 39).
657 3182 694 3238 27
714 3183 812 3236 Ranae
830 3181 989 3236 venenatae
1010 3199 1108 3238 seeun-

93 3252 158 3308 dum
184 3254 361 3328 Agricolam,
395 3256 429 3310 dc
462 3254 654 3310 animantibus
683 3251 886 3320 subterraneis,
920 3252 1008 3313 Basil.
1038 3260 1107 3309 1549

93 3339 119 3393 p.
134 3329 245 3397 70-72,
266 3327 304 3381 ad
325 3326 356 3380 id
375 3327 563 3382 animantium
584 3326 830 3381 subterranearum
848 3339 937 3393 genus
956 3328 1109 3396 pertinent,

95 3395 166 3463 quod
182 3395 260 3453 intra
277 3400 383 3453 terram
401 3397 529 3469 gignitur
546 3400 576 3452 et
594 3414 704 3468 semper
723 3397 775 3452 sub
793 3400 870 3451 terra
883 3394 964 3452 vivit.
1000 3398 1108 3454 ‘Altius

94 3463 166 3522 intra
182 3471 288 3524 terram
306 3469 435 3542 gignitur
453 3473 482 3524 et
499 3468 639 3539 reperitur
655 3470 739 3524 modo
758 3468 789 3522 in
806 3466 901 3534 venis,
918 3467 1109 3544 fibris,sa1o-

95 3551 153 3593 rum
164 3541 361 3612 commissuris,
378 3558 441 3597 cum
455 3541 510 3598 hae
526 3544 713 3614 excurentur,
724 3541 814 3598 modo
824 3536 1141 3594 inanissimarum,
