2370 3840
122 172 166 236 44
550 168 572 225 Ι.
592 167 704 225 emtori

328 346 381 419 34.
412 350 438 420 Ι.
462 350 621 419 Gruterus
645 349 677 418 b.
698 347 936 419 Rittersbusio.

122 472 388 544 Heidelbergae.
915 476 940 527 9.
959 471 1047 530 Febr.
1065 480 1136 531 1⁶94„

190 588 218 648 S.
243 587 273 649 P.
310 590 411 649 Amice
439 584 569 648 sincere!
614 585 656 646 be
680 585 809 658 Querolo
837 587 936 648 serius
964 593 1135 652 transmisso

123 678 238 740 nullum
268 685 339 758 puto
367 677 477 738 iactum
505 678 660 757 damnum,
691 678 751 737 nisi
779 675 859 756 quod
885 675 971 739 hisce
1001 682 1135 742 nundinis

123 785 182 828 non
214 766 329 827 videbit
360 765 465 827 lucem.
512 765 715 827 Commelinus
747 768 829 827 euim
855 764 1010 828 Genevam
1042 788 1135 832 secum

124 856 203 917 terre
236 855 374 936 cupiebat
406 864 436 918 et
467 855 579 916 ibidem
610 855 728 916 tradere
757 854 951 935 typographo.
1000 857 1086 921 Nunc
1109 859 1135 919 id

125 948 221 1007 serius
246 953 304 1026 est3
327 945 401 1005 abiit
424 947 503 1006 enim
522 952 590 1005 ante
609 946 789 1023 septimanas
809 962 869 1005 sex.
908 945 968 1006 Sed
988 945 1040 1010 hic
1058 947 1135 1028 culpa

124 1033 204 1095 nulla
240 1042 299 1095 tua
350 1034 453 1113 Neque
486 1032 613 1095 debebat
643 1035 768 1094 incertis
800 1035 947 1095 committi
980 1037 1135 1118 exemplar.

124 1123 208 1195 Quod
238 1141 325 1202 spero
353 1126 570 1202 impressorum
598 1125 697 1202 ipsum
724 1125 803 1184 intra
831 1130 992 1208 semestre3
1020 1130 1048 1188 si
1074 1145 1136 1207 non,
1179 1202 1181 1209 Ι

124 1212 191 1271 laxo
223 1214 401 1273 remittatur.
447 1211 539 1273 Notae
569 1219 638 1273 tuae
666 1211 783 1272 additae
810 1212 919 1292 oppido
946 1213 1046 1278 bonae
1073 1223 1137 1277 suut
1179 1218 1181 1295 ξ

125 1308 155 1360 et
181 1300 233 1360 fret
260 1302 291 1360 iu
318 1302 370 1382 iis,
398 1300 477 1379 quod
501 1303 554 1361 vis.
599 1300 708 1362 Videor
731 1319 785 1380 ego
808 1308 908 1362 tamen
931 1304 1070 1382 pauculis
1092 1304 1136 1365 ad·
1179 1310 1181 1381 ζ

124 1389 245 1449 modum
265 1391 397 1469 exceptis
415 1395 507 1450 totam
525 1389 606 1451 illam
623 1390 806 1451 comoediam
824 1391 1041 1456 transformare
1054 1411 1136 1474 posse
1179 1396 1181 1401 ’

124 1481 156 1538 in
179 1472 337 1540 versus²⁰⁶.
373 1478 514 1540 Eminent
537 1487 618 1540 certe
642 1486 672 1540 et
694 1479 825 1559 produnt
847 1499 880 1541 se
902 1484 1019 1561 passim
1040 1483 1136 1564 plures

125 1571 235 1630 senarii
258 1568 304 1631 vel
327 1568 446 1630 iambici
469 1569 516 1630 vel
537 1567 689 1629 trochaici.
727 1568 760 1629 Si
783 1570 838 1630 otii
859 1577 976 1631 tantum
1000 1575 1068 1654 erit,
1090 1572 1136 1633 ali-

125 1659 196 1737 quid
224 1659 350 1721 monebo
379 1678 434 1738 per
461 1651 709 1738 appendicem²⁰⁷.
754 1657 796 1719 De
818 1653 971 1743 Plautis*)
1003 1662 1082 1740 quod
1107 1671 1137 1722 tu

125 1751 246 1829 cogitas,
268 1747 343 1809 nibil
367 1756 425 1829 est3
448 1748 580 1808 noudum
603 1746 707 1808 babeo.
743 1746 983 1827 Lingelsbemius
1005 1760 1137 1813 accurate

126 1841 199 1918 egit,
228 1837 306 1915 quod
329 1838 439 1917 potuit3
468 1836 520 1897 sed
544 1855 615 1898 casu
638 1837 741 1897 aberat
764 1839 894 1916 optimus
916 1837 1016 1900 loach.
1040 1839 1138 1903 Came-

125 1927 223 1986 rarius
246 1943 302 1984 nec
325 1924 478 1984 mandarat
501 1927 643 2004 cuiquam·
663 1944 679 1986 e
701 1925 906 2008 familiaribus,
930 1929 983 2007 qui
1002 1929 1137 1991 traderet.

126 2012 184 2072 Sed
217 2020 247 2072 et
273 2013 497 2073 Wesemhecius
530 2013 579 2074 ille
611 2021 716 2075 noster
746 2017 810 2076 sine
838 2017 875 2076 iis
903 2015 941 2076 ad
968 2035 1027 2078 nos
1053 2022 1139 2099 venit,

126 2101 205 2180 quod
224 2102 298 2162 mibi
317 2120 388 2162 sane
408 2101 539 2163 cordolio
559 2110 612 2163 est.
649 2102 770 2165 Absolri
787 2106 867 2165 enim
883 2105 1029 2167 Senecam
1043 2125 1138 2169 meum

126 2199 156 2253 et
178 2194 351 2272 praeparari
372 2210 420 2252 me
440 2193 500 2252 otio
519 2194 611 2254 inerti
629 2193 664 2253 ad
684 2200 836 2255 recentem
854 2193 935 2254 illam
954 2194 1139 2274 palaestram.

125 2281 167 2343 De
196 2285 234 2343 iis
262 2301 342 2344 nunc
369 2282 468 2342 scribo
496 2282 532 2342 ad
560 2280 592 2342 D.
620 2281 790 2362 Philippum
818 2279 1079 2368 Camerariumm,
1110 2295 1141 2347 ut

126 2371 230 2433 saltem
257 2373 440 2433 transmittat
468 2371 503 2432 ad
531 2373 682 2451 proximas
709 2372 858 2433 nundinas
883 2371 1140 2436 Franciurtenses.

126 2461 158 2520 Si
180 2469 252 2522 tunc
276 2460 350 2521 nihil
374 2461 419 2541 tit,
442 2460 499 2521 alia
521 2478 645 2522 neeesse
669 2463 726 2521 erit
748 2463 899 2544 incipiam,
922 2481 999 2542 quae
1023 2463 1139 2526 nollem.

126 2549 241 2618 Quaeso
265 2551 375 2629 itaque,
397 2566 435 2609 ne
458 2551 590 2627 graveris
614 2551 719 2609 iterato
743 2551 930 2612 intercedere
952 2570 1020 2614 mea
1045 2572 1139 2615 cause.

126 2635 157 2698 b.
185 2637 318 2717 blelisso,
350 2637 382 2697 D.
410 2636 541 2698 Frehero
574 2637 696 2718 tradidi,
728 2638 807 2717 quod
840 2641 1040 2719 inscripseras
1068 2645 1140 2724 ipsis

125 2745 256 2809 carmen,
275 2745 344 2788 cum
362 2725 502 2787 adessent
519 2726 593 2786 mihi
606 2729 639 2787 in
653 2727 778 2805 prandio
793 2746 861 2788 eum
875 2727 908 2789 b.
922 2728 1139 2794 Wesemhecio.

125 2816 268 2879 invitatus
296 2824 361 2878 erat
384 2824 414 2877 et
436 2815 587 2897 PosthiuS,
615 2815 667 2877 sed
692 2815 741 2876 ille
764 2817 925 2879 excusabat
948 2837 981 2879 se
1006 2837 1061 2881 sua
1084 2820 1140 2882 sibi

124 2908 267 2988 podagra3
300 2908 399 2985 itaque
431 2905 520 2965 hodie
552 2907 611 2984 ipsi
641 2907 841 2966 transmittam
869 2914 899 2968 et
926 2901 1077 2970 excusabo
1105 2910 1140 2970 de

125 2997 255 3057 editione
283 2994 525 3075 Epigrammatis,
553 3012 731 3074 quamquam
758 3012 819 3055 non
846 3003 919 3075 puto
947 3014 1033 3076 opus.
1079 2998 1140 3078 Ego

124 3088 214 3146 etiam
241 3103 338 3164 nuper
366 3083 476 3163 aliquid
505 3083 679 3163 muginabar
706 3086 737 3143 iu
764 3083 892 3144 natalem
919 3084 974 3145 tilii
1000 3089 1061 3168 tui,
1089 3087 1139 3150 sed

125 3177 184 3233 iam
211 3193 271 3234 non
298 3176 431 3255 invenio,
457 3191 518 3233 non
544 3175 639 3252 magis
663 3190 750 3252 quam
773 3180 806 3234 tu
829 3173 879 3234 illa
902 3173 938 3235 ad
960 3169 1141 3256 Elegiam²⁰⁹

124 3269 215 3323 tuam.
261 3264 342 3334 Quae
370 3264 396 3322 si
423 3264 552 3341 tempori
580 3281 641 3323 non
668 3271 718 3323 tua
743 3265 858 3344 mittes,
885 3264 961 3324 meis
985 3265 1141 3348 supplebo,

126 3352 194 3428 quia
222 3353 262 3410 ita
291 3353 351 3429 vis,
379 3353 407 3410 si
433 3369 493 3411 non
521 3353 565 3412 uti
593 3351 629 3412 ab
657 3352 761 3413 eodem
788 3350 945 3413 videantur
966 3352 1086 3438 Apelle,
1113 3361 1141 3416 at

184 3541 209 3614 *)
229 3541 298 3602 Cod.
319 3541 447 3600 Picentis.
