2370 3840
509 171 648 242 epistolae
1024 174 1087 238 107

68 321 217 402 plurimos
241 319 276 380 ad
299 318 353 379 Dei
376 318 509 401 gloriam,
532 321 667 401 Reipubl.
692 322 875 383 Christianae
900 323 1087 384 commodum

68 419 99 471 et
127 410 276 471 bonorum
305 410 438 469 omnium
462 409 599 470 solatium
621 411 716 491 Ampl.
739 410 860 471 Vestrae
889 414 1033 490 attingere
1057 420 1087 473 et

69 517 214 579 superare
251 498 347 559 liceat.
396 496 503 559 Amen!
554 499 693 561 Ceterum
731 519 755 561 a.
788 499 815 559 d.
849 498 900 561 22.
932 499 1086 562 Decembr.

68 595 171 669 optato
190 587 264 648 mibi
277 586 399 648 Vestrae
417 605 611 667 meorumque
631 589 814 649 advenerunt
832 589 958 670 litterae,
977 590 1086 669 quibus

68 679 117 739 bic
150 676 326 757 respondeo.
373 675 467 755 Spero
498 696 559 738 non
591 677 779 757 denegabunt
810 678 937 739 oblatam
965 698 1086 758 operam

67 767 121 828 Dn.
149 759 296 849 Plauth*)
319 771 359 830 ‚et
385 764 439 826 nn.
467 766 672 847 Scheurelius,
704 767 812 846 quibus
841 768 966 828 salutem
993 769 1086 848 pluri-

66 875 148 918 mam
172 856 248 935 dico,
269 854 395 933 illasque
418 857 481 916 suis
504 856 634 916 inclusas
653 864 704 917 aut
723 859 895 918 coniunctas
914 857 1087 918 Dantiscum

67 953 151 1007 recte
177 943 336 1025 curabunt,
358 943 511 1005 habebunt
533 963 581 1005 me
604 947 745 1027 vicissim,
769 949 795 1005 si
819 965 876 1025 qua
900 946 1026 1027 dabitur,
1050 948 1086 1008 ad

66 1036 193 1114 quaevis
212 1033 309 1094 olficia
327 1035 556 1112 paratissimum.
594 1033 635 1094 lle
656 1042 733 1095 statu
751 1035 886 1114 Reipubl.
904 1035 1085 1097 Genevensis

66 1125 194 1184 memini
216 1141 264 1182 me
283 1125 427 1202 proximis
446 1125 553 1204 egisse,
576 1123 684 1202 quibus
703 1124 776 1185 illud
796 1126 1003 1207 adiiciendum,
1026 1126 1085 1186 lor-

67 1231 148 1273 mam
177 1213 332 1290 regiminis
360 1231 427 1273 esse
455 1211 696 1294 democraticum,
720 1233 788 1275 cum
811 1215 938 1294 populus
961 1215 1010 1275 hic
1033 1215 1085 1275 eli-

65 1302 159 1380 gendi
178 1300 437 1379 constituendique
457 1304 567 1362 summi
584 1305 774 1381 magistratus
789 1311 966 1383 potestatem
980 1303 1086 1365 babeat

67 1398 99 1452 et
123 1391 159 1451 ad
182 1390 267 1452 illum
290 1392 514 1469 provocationes
535 1394 566 1451 in
586 1394 683 1452 causis
703 1412 770 1453 cum
790 1392 926 1454 civilibus
945 1400 1008 1453 tum
1028 1397 1086 1454 cri-

67 1479 230 1541 minalibus
258 1479 468 1540 concedantur.
513 1480 736 1541 Aristocratiam
764 1490 864 1543 tamen
888 1485 976 1542 etiam
1000 1486 1086 1562 sapit,

68 1569 149 1648 quod
171 1571 204 1629 in
226 1570 366 1629 strictum
388 1568 548 1629 concilium
566 1568 643 1630 XXV
667 1579 838 1631 senatorum
860 1589 919 1630 non
939 1570 1086 1648 eligantur

68 1661 129 1719 nisi
156 1660 214 1718 viri
240 1659 349 1718 virtute
377 1665 408 1718 et
429 1658 587 1737 prudentia
611 1677 714 1737 graves
739 1662 848 1738 quique
872 1659 1085 1737 aparentibus

71 1751 134 1808 suis
163 1747 199 1807 ad
227 1748 385 1807 minimum
412 1749 477 1808 iure
506 1749 633 1808 civitatis
661 1749 773 1809 suerint
800 1750 900 1826 gavisi.
952 1747 1085 1809 Censura

69 1839 101 1897 in
132 1844 371 1915 transgressores
403 1835 502 1915 legum
534 1845 564 1897 et
596 1844 773 1898 statutorum
803 1837 898 1916 rigida
927 1837 1085 1898 admodum

68 1933 114 1986 est
145 1933 207 1986 tam
239 1925 335 1986 civilis
367 1943 455 2003 quam
483 1926 697 2008 ecclesiastica,
730 1927 803 1988 adeo
830 1936 864 1986 ut
891 1946 946 1987 nec
974 1928 1085 1989 chartis

69 2015 171 2076 ludere
199 2032 255 2075 nec
282 2014 360 2076 ultra
387 2033 563 2076 concessum
590 2016 710 2076 modum
738 2018 841 2077 vestiri
868 2035 924 2077 nec
951 2020 1019 2077 vino
1049 2018 1084 2079 ad

68 2104 244 2166 ebrietatem
279 2122 374 2182 usque
411 2103 522 2183 repleri
559 2106 623 2164 siue
661 2108 784 2165 crimine
817 2107 955 2184 cuiquam
988 2107 1083 2168 liceat.

68 2193 147 2264 Quin
175 2200 207 2254 et
234 2191 290 2253 boc
317 2194 437 2253 nomine
466 2193 607 2271 quasdam
635 2194 671 2253 ab
699 2213 755 2255 usu
780 2195 807 2254 S.
832 2194 946 2255 Cocnae
975 2215 1083 2274 nuper·
1171 2253 1173 2256 ,

69 2285 144 2343 rime
177 2299 337 2360 suspensas
369 2283 505 2363 memini,
543 2283 621 2361 quod
654 2283 777 2343 choreas
809 2285 842 2342 in
873 2286 986 2361 nuptiis
1019 2283 1083 2344 Dni.

68 2370 242 2432 Gotbofredi
269 2377 335 2431 ante
363 2388 496 2431 mensem
525 2373 741 2451 exercuissent,
781 2390 798 2430 a
825 2371 981 2431 Germanis
1009 2374 1083 2433 inei-

69 2468 144 2522 tatae
177 2466 209 2520 et
240 2467 367 2538 rogatae.
413 2459 593 2520 Libertatem
627 2468 656 2521 et
687 2461 840 2540 privilegia
871 2463 999 2521 civitatis
1027 2461 1084 2522 late

68 2549 189 2610 deducit
220 2547 357 2628 Ampliss.
390 2547 443 2610 lln.
477 2550 641 2610 saracenus
675 2551 815 2629 syndicus
847 2552 879 2610 in
911 2550 987 2611 libro
1021 2571 1084 2633 suo,

69 2657 158 2717 quem
185 2640 356 2719 inscripsit:
386 2637 427 2699 Le
456 2639 572 2700 Citadin
603 2640 638 2699 de
667 2634 836 2700 Generc484.
882 2639 1021 2701 Liberam
1049 2641 1084 2702 ab

68 2731 190 2807 antiquo
218 2729 338 2806 imperii
364 2727 470 2788 urbem
498 2728 589 2788 luisse
618 2728 738 2789 evidens
767 2732 884 2808 signum
913 2748 979 2790 esse
1003 2733 1086 2791 aiunt

67 2817 197 2897 aquilam
224 2815 305 2876 illam
332 2816 485 2895 bicipitem
514 2817 682 2896 sculpturae
710 2821 917 2899 perantiquae,
950 2837 1024 2897 quae
1054 2820 1085 2878 in

67 2925 153 2967 muro
173 2908 316 2966 exteriori
333 2905 423 2966 Aedis
440 2905 585 2986 Petrinae,
603 2907 732 2985 Apollini
751 2907 822 2967 olim
841 2901 1085 2988 consecratae⁴⁸⁵,

66 2999 232 3056 etiamnum
254 2994 384 3074 adparet.
421 2994 505 3056 Unde
529 3014 584 3056 nec
608 2998 757 3075 episcopis
782 2999 844 3057 suis
867 2996 926 3055 nisi
947 2998 978 3055 in
998 2998 1085 3074 spiri-

65 3084 199 3145 tualibus
230 3103 363 3163 unquam
394 3087 507 3164 paruit,
540 3088 591 3164 qui
619 3085 723 3146 levatis
752 3103 841 3164 supra
868 3091 957 3163 caput
985 3084 1085 3164 digitis

65 3175 166 3234 iurare
199 3173 348 3251 quondam
377 3177 471 3235 coacti
500 3182 582 3255 sunt,
614 3182 771 3253 antequam
800 3175 1020 3255 reciperentur,
1053 3194 1086 3235 se

64 3260 306 3323 immunitatibus
333 3282 399 3343 pop.
429 3262 610 3324 Genevensis
639 3264 716 3324 nolle
745 3263 906 3342 quidquam
933 3263 1085 3345 derogare,

65 3351 120 3413 sed
145 3352 274 3411 civitatis
296 3352 461 3413 custodiam
484 3355 558 3431 ipsis
581 3353 686 3413 incolis
710 3352 868 3413 relicturos
891 3371 947 3413 nec
976 3357 1040 3414 sine
1063 3351 1086 3414 4

139 3540 249 3609 deod.
267 3541 347 3596 Bne.
368 3542 485 3615 Pfauti3
506 3563 534 3603 v.
553 3545 645 3619 prior.
666 3545 757 3620 epist.
