2370 3840
122 176 168 244 Μ)
558 178 577 235 Ι.
597 178 710 234 Gruteri

125 328 182 388 isto
206 326 362 388 retrrlivoro
387 346 531 389 moerore.
576 327 646 388 Vale
668 335 702 388 tu
729 336 759 388 et
787 328 882 410 salve,
912 333 963 390 vir
991 340 1024 390 et
1052 335 1147 393 amioe

125 415 300 498 talansslnra,
323 434 429 497 meque
454 436 518 478 ama
542 418 586 478 tui
614 435 803 497 summopere
826 428 986 479 amantem.

170 521 445 604 lloitlellrorgae,
468 542 534 584 meo
558 542 640 584 more
664 526 782 604 raptim,
804 525 853 585 die
875 525 963 586 mi
980 530 1065 607 Apr,
1088 548 1145 608 quo

125 613 173 675 cllo
198 620 264 675 tiras
288 612 360 675 otiu
385 612 506 674 tradidit
528 612 752 674 Wesembecins
775 608 910 695 filinsffl,
932 610 975 698 (a
1000 612 1115 701 1595).

329 818 380 890 tt.
412 821 438 890 1.
463 820 622 890 Gruterus
645 822 677 891 G.
698 821 937 892 Ritterslrusio.

123 944 387 1015 llolrlolbergae.
929 955 955 1003 7.
974 949 1046 1002 Dee.
1065 954 1139 1003 laea.

191 1044 219 1105 S.
242 1041 270 1104 l'.
308 1040 346 1101 lli
367 1039 564 1101 illitershusii
602 1040 664 1101 Iam
687 1044 871 1120 septimanae
894 1041 1010 1122 aliquot
1034 1043 1140 1125 abiere,

123 1132 201 1213 agrurn!
228 1130 382 1193 lrrrllourlm
406 1128 462 1190 tibi
485 1147 539 1208 per
563 1129 678 1212 literas,
701 1132 852 1210 integrum
874 1131 972 1192 adhue
994 1132 1053 1192 tibi
1076 1151 1140 1193 esse

124 1222 304 1283 lrrtoraororo
329 1221 391 1279 attis
416 1218 489 1279 loeis
512 1218 603 1280 Notas
627 1219 809 1300 casauboni3
832 1228 899 1281 tuas
917 1223 1001 1281 enim
1024 1224 1056 1282 in
1074 1240 1139 1282 eum

123 1315 274 1371 tractorem
298 1307 429 1369 nornluur
453 1326 591 1389 extrusas,
619 1308 672 1368 sed
694 1310 869 1389 propediem
895 1305 1138 1372 excudendasm.

122 1397 208 1461 ll‘ttnr,
236 1414 302 1458 unm
332 1414 391 1459 nou
420 1397 600 1477 respondeas
628 1397 663 1457 ad
686 1397 859 1458 huiusmodi
881 1398 1000 1479 literana,
1032 1403 1138 1460 iterum

122 1488 175 1551 tibi
205 1488 340 1563 ltgnttteo
369 1486 514 1567 loturum,
546 1486 806 1566 uttypograpbus
834 1489 913 1548 intra
941 1496 1011 1549 octo
1038 1489 1138 1550 decem

122 1578 186 1639 atton
215 1579 386 1658 trrraploetnr
417 1583 482 1654 tiras
515 1583 599 1636 notas
630 1594 728 1654 neque
760 1575 887 1656 amplius
919 1585 1060 1656 expectet
1091 1597 1138 1638 eas

122 1666 296 1729 tiarattborrl.
337 1667 368 1726 Sl
393 1666 521 1729 urinaria,
545 1665 717 1745 appendicis
740 1664 805 1726 loeo
829 1665 966 1726 subnecti
989 1674 1136 1746 poterunt

123 1756 210 1818 Valde
235 1758 327 1818 rolror
351 1763 378 1817 to
402 1754 451 1815 hio
474 1762 534 1815 tam
558 1753 766 1835 negligentem,
790 1756 841 1833 qui
859 1753 994 1834 alioquin
1012 1759 1093 1817 nosti
1110 1764 1138 1816 et

122 1864 216 1926 nuper
244 1845 464 1925 testinatione,
498 1860 586 1923 qnam
613 1843 788 1923 typographi
815 1843 955 1904 difficiles
984 1847 1060 1927 siut,
1088 1845 1137 1906 nbi

123 1934 351 2013 interrumpitur
374 1951 480 1994 ‹artrsus
504 1950 607 1993 eorum
632 1940 682 1993 aut
704 1940 851 2010 eoguntur
869 1933 942 2012 quiid
960 1951 1083 1995 servare
1103 1933 1135 1996 ad

122 2024 200 2083 strum
225 2029 348 2083 «auertunt.
390 2021 478 2084 l'lano
502 2039 620 2102 vereor,
647 2040 684 2082 ne
706 2021 781 2082 haec
803 2028 905 2082 nostra
932 2025 1135 2102 tergiversatio

122 2110 174 2173 titt
210 2117 314 2172 irruerent
346 2130 379 2171 uit
408 2130 444 2172 ne
477 2110 524 2172 bis
558 2111 678 2191 quidem
709 2111 819 2171 futuris
850 2111 995 2172 nundinis
1024 2115 1136 2192 integer

122 2200 245 2283 proteat
269 2199 408 2261 lalrlorns.
454 2194 648 2269 llonutins²³⁴
669 2199 742 2260 haeo
769 2218 829 2260 non
853 2207 949 2281 curat,
979 2203 1042 2261 nisi
1069 2220 1133 2281 qua-

120 2298 207 2353 tenus
241 2289 355 2352 luterum
388 2291 452 2349 ‹uus
485 2291 689 2369 interrumpit,
726 2291 777 2368 qui
813 2291 871 2349 iam
909 2288 1045 2370 alioquin
1080 2292 1135 2369 agit

121 2378 271 2441 Noosttulll
301 2386 330 2439 et
355 2378 422 2439 llrlol
450 2396 533 2439 meae
562 2396 625 2438 rem
649 2396 767 2438 omnem
790 2380 953 2460 commisit3
981 2382 1032 2440 cui
1055 2378 1132 2460 polli-

120 2470 197 2529 oltus
222 2488 286 2529 suurn
311 2467 420 2529 nullam
445 2468 574 2529 suturam
597 2470 628 2528 in
651 2475 681 2528 te
704 2485 825 2527 moram.
867 2466 932 2539 Ono
955 2469 1024 2547 ipso
1048 2468 1132 2530 ialsus

121 2558 171 2617 inl.
219 2557 255 2618 lt
279 2558 428 2636 rtrreplaso
452 2565 481 2618 to
505 2557 607 2618 literas
630 2574 725 2637 meae,
753 2554 862 2635 quibus
889 2556 920 2616 id
943 2555 1002 2618 tibi
1025 2557 1131 2638 signib-

119 2644 231 2727 rnburu,
256 2644 324 2705 bulo
349 2647 420 2726 solo,
443 2646 523 2727 quod
546 2645 647 2707 literas
671 2644 743 2705 alias
767 2647 811 2704 eis
834 2644 966 2706 inclusas
985 2647 1132 2707 curaveris

119 2734 154 2796 acl
185 2732 237 2797 lln.
261 2729 486 2818 Wolserunrlll,
519 2754 535 2796 a
568 2754 626 2814 qno
658 2736 716 2794 iam
749 2741 817 2794 ante
850 2733 923 2794 duas
956 2737 1131 2815 septimanas

119 2823 208 2885 lrnlnri
234 2842 419 2905 reapronsnnr,
466 2824 581 2896 Quaeso
605 2827 704 2902 itaque
728 2822 765 2882 da
784 2840 919 2904 operam,
942 2831 977 2884 ut
1000 2827 1130 2904 proximo

118 2912 271 2976 tabellario
295 2912 441 2994 obveniat,
465 2914 606 2993 quiequid
630 2915 673 2972 vis
698 2911 786 2973 adiici
803 2911 911 2972 Isidori
929 2915 1019 2974 notis.
1054 2910 1131 2986 Quod

119 3004 225 3083 lpannr’
241 3012 340 3065 tauron
364 3000 500 3083 pluribus
519 3021 578 3063 non
597 3001 742 3081 exambio,
765 3001 923 3062 nevidear
940 3005 1038 3082 magis
1058 3001 1131 3064 solli·

119 3094 195 3154 nitus
220 3095 298 3154 oirrxa
324 3111 386 3154 rem
410 3100 492 3153 tuam
516 3111 604 3172 quam
626 3110 681 3172 par
700 3098 754 3152 est.
791 3089 859 3151 Vale
879 3093 980 3169 itaque
999 3099 1032 3153 et
1050 3091 1131 3153 salue

119 3180 183 3239 Seis
207 3188 278 3259 puto
303 3181 435 3259 qnalibet
457 3181 642 3242 hebdomada
665 3198 831 3241 commeare
855 3179 925 3240 hine
947 3179 1132 3242 tabellarium

117 3266 295 3347 bmlrergam
319 3277 348 3329 et
372 3278 488 3352 eontra3
513 3273 541 3331 ei
565 3271 710 3331 committi
733 3275 839 3349 potest.
881 3267 941 3328 Has
965 3271 1132 3350 accipiesa

118 3354 184 3415 llni.
199 3352 368 3417 Frelreri²³⁶
382 3360 482 3440 fratre,
504 3362 556 3439 qui
570 3360 637 3420 heio
651 3358 780 3419 libenter
799 3375 900 3417 euram
920 3375 1006 3418 snam
1021 3357 1133 3421 obtulit

151 3443 438 3533 lleidelbergae,
463 3448 511 3510 die
533 3449 594 3511 Vll.
611 3447 753 3510 benemb.
767 3445 878 3506 siuve.

540 3540 655 3607 lanus
678 3538 863 3599 Gruterus
883 3551 1001 3608 semper
1019 3542 1107 3596 tuus·
