2370 3840
100 213 163 277 118
498 212 533 268 H.
552 211 724 284 Thederingi

248 391 299 461 82.
331 394 368 461 H.
391 391 620 479 'lhederingus
644 391 712 461 Nio.
735 393 973 480 Riitershusio.

99 496 268 552 Dentisci.
877 503 922 557 28.
942 497 1023 591 Sept.
1045 503 1129 555 1624.

167 677 173 690 .
190 676 196 689 .
212 628 275 690 Nic.
290 629 489 689 Rittershusio
506 628 576 709 lcto,
595 627 782 710 Polyhistori,
801 628 967 708 Polyglotto
986 647 1024 690 ac
1040 629 1128 710 Poly-

102 727 189 798 tropo
213 721 343 779 eximio.
360 765 365 778 .
380 716 593 796 lloenigsberg.

167 806 264 868 ..Dm
285 806 414 888 Nicolae,
438 809 531 866 amice
554 801 878 886 plurimumcolende!

167 895 225 956 Sal.
249 904 279 957 et
303 897 350 957 oli.
396 896 472 956 Ante
499 894 554 955 hos
583 891 626 955 14
649 895 713 955 dies
742 902 771 955 et
795 895 873 974 quod
897 898 1049 977 excurrit,
1078 916 1126 958 re-

102 985 209 1064 spondi
227 984 341 1046 ultimis
360 988 428 1065 tuis,
452 1003 526 1064 quae
546 984 762 1062 disputationes
780 983 968 1064 inaugurales
988 1004 1126 1049 annexas

99 1073 255 1135 habehant.
302 1075 380 1146 Quin
408 1081 489 1134 recte
517 1073 582 1133 illas
610 1076 762 1152 acceperis
787 1076 901 1134 amoris
928 1075 989 1135 mei
1018 1075 1125 1158 lineas,

98 1179 159 1223 non
192 1166 264 1227 sinit
295 1182 343 1223 me
376 1163 512 1224 dubitare
545 1161 700 1223 familiaris
732 1169 762 1223 et
793 1165 867 1224 ciris
898 1166 958 1223 mei
986 1172 1125 1244 spectata

99 1251 233 1331 probitas
257 1271 290 1312 ac
311 1252 395 1333 fides,
419 1255 467 1313 cui
485 1251 683 1328 curandarum
702 1251 819 1312 illarum
839 1271 948 1315 munus
967 1252 1124 1315 dederam.

99 1339 185 1403 Nunc
207 1340 261 1401 has
285 1341 399 1402 ferente
422 1344 462 1402 ita
486 1343 642 1402 occasione
663 1340 752 1421 plane
771 1343 922 1420 inopinata
941 1343 1125 1425 superaddo,

99 1448 158 1509 quo
187 1430 258 1508 quid
285 1433 318 1490 in
345 1432 463 1510 negotio
486 1430 717 1493 Hainhoieriano
743 1432 920 1512 perfeceris,
949 1433 1124 1509 significare

99 1522 245 1600 maturius
272 1523 384 1602 possis3
412 1519 495 1580 brevi
524 1522 603 1579 euim
632 1521 705 1580 ciris
733 1519 782 1579 hic
809 1537 894 1580 meus
922 1519 1056 1581 reditum
1086 1522 1124 1582 ad

98 1627 153 1670 nos
176 1609 300 1689 parabit.
338 1609 381 1670 Ne
405 1616 505 1670 autern
527 1611 632 1670 inanes
656 1627 703 1669 me
727 1608 829 1669 literas
853 1608 1030 1687 obsignasse
1050 1629 1125 1672 con-

99 1698 246 1777 querendi
274 1718 392 1760 causam
419 1698 543 1779 habeas,
571 1716 641 1758 ecce
669 1699 817 1778 significo,
846 1698 917 1777 quid
943 1701 1124 1777 nuperrime

98 1787 236 1866 Ampliss
256 1786 287 1847 ll.
307 1787 339 1848 b.
358 1788 469 1848 Remus
491 1794 595 1848 noster
618 1786 653 1847 ad
678 1805 725 1848 me
749 1789 968 1867 perscripserit.
1015 1786 1123 1849 Refert

98 1893 238 1952 maguum
253 1874 358 1955 Philip.
374 1876 577 1937 Camerarium
591 1876 646 1956 lc,
660 1876 763 1937 Horar.
780 1871 1011 1937 Srrhsecivar.⁵¹‘
1026 1881 1124 1958 scrip-

97 1970 203 2044 torem,
224 1956 258 2023 X.
279 1963 338 2024 Cal.
358 1965 496 2036 Quinctil.
516 1965 551 2025 ad
572 1964 695 2025 coelites
713 1967 867 2046 migrasse,
886 1967 972 2026 cuius
991 1970 1123 2046 vestigia

98 2051 195 2112 tribus
215 2055 390 2131 septimanis
409 2061 476 2132 post
495 2061 615 2115 secutus
635 2056 674 2114 sit
692 2052 724 2114 D.
743 2054 913 2134 Hieronym.
933 2051 1122 2117 rezerusffi.

97 2140 176 2202 Tuas
195 2141 280 2204 fratri
295 2142 422 2223 Georgio
436 2141 469 2203 D.
488 2145 654 2204 transmisit
668 2142 893 2225 Werthemium,
913 2143 964 2204 uhi
981 2163 999 2205 a
1014 2148 1122 2223 paucis

97 2231 252 2292 mensibus
275 2234 336 2311 agit
359 2231 569 2294 Consiliarium
587 2231 751 2292 Perillustr.
768 2231 915 2293 Comitum
939 2232 1122 2296 aLoeuen·

98 2323 177 2381 stein
205 2323 237 2382 in
259 2320 436 2402 Franeonia,
465 2320 615 2382 luculento
644 2321 802 2382 admodum
827 2322 974 2401 stipendio
1000 2323 1122 2384 adhoc

97 2428 206 2470 munus
230 2414 405 2488 pertractus
443 2410 537 2481 Quem
561 2411 743 2471 fortunatum
766 2409 911 2471 honorem
935 2418 964 2471 et
987 2411 1121 2474 honora·

97 2504 159 2557 tam
191 2491 339 2559 lortuuam
372 2519 408 2560 ex
441 2501 540 2560 animo
574 2501 632 2578 ipsi
665 2499 847 2577 gratulemur
877 2507 907 2560 et
934 2499 1121 2579 gaudeamus

97 2588 269 2665 nostrisque
289 2588 445 2648 exantlatis
465 2590 545 2649 curis
564 2607 598 2648 ac
616 2587 768 2648 laboribus
784 2587 880 2649 simile
895 2589 1016 2668 aliquod
1031 2609 1120 2669 prae-

96 2676 190 2736 mium
215 2684 413 2754 expectemus.
450 2677 562 2738 Messes
586 2679 665 2739 cirea
685 2676 880 2756 Noribergam
903 2685 934 2738 et
956 2681 986 2738 in
1009 2681 1118 2740 vicinis

95 2764 171 2825 locis
195 2765 316 2826 fuerunt
338 2766 520 2847 uberrimae,
543 2772 624 2826 tauta
647 2766 758 2826 ibidem
780 2770 914 2828 nescitur
936 2768 999 2827 vini
1024 2771 1118 2848 copia,

97 2873 186 2933 qrram
210 2855 298 2915 doliis
322 2875 382 2916 non
406 2858 544 2934 excipere
568 2855 719 2916 habebunt
741 2858 894 2937 vinitores,
917 2864 1009 2936 prout
1029 2875 1117 2937 spon-

95 2943 168 3004 dent
196 2946 308 3005 vineae.
354 2945 391 3005 At
418 2947 514 3023 pretia
543 2963 645 3005 rerum
670 2945 712 3004 nil
735 2947 889 3006 remittere
913 2938 1000 3006 audio
1026 2946 1115 3026 idque

95 3051 151 3112 per
178 3033 441 3095 inexsaturabilem
469 3052 624 3096 avarorum
652 3033 821 3094 mortalium
847 3033 977 3095 habendi
1002 3035 1115 3114 cupidi·

94 3129 196 3182 tatem.
247 3123 281 3183 ln
308 3123 473 3183 Palatinatu
507 3125 661 3201 superiore
689 3122 777 3183 aedes
804 3123 990 3202 parochiales
1020 3123 1114 3185 salvae

97 3226 234 3270 mansere
254 3211 382 3293 civibus3
402 3211 565 3290 Ambergae
585 3212 645 3271 duo
657 3214 793 3290 primarii
807 3214 937 3274 nominis
952 3213 1115 3275 consiliarii

96 3296 321 3377 Maxaempliani
340 3301 419 3361 diem
439 3320 526 3361 suum
546 3300 648 3361 obiere
668 3302 770 3379 sicque
785 3300 864 3362 Deus
878 3308 999 3362 coercet
1013 3302 1114 3362 Roico·

93 3404 163 3446 rum
183 3389 308 3470 animos,
326 3408 364 3449 ne
383 3397 498 3450 mutare
518 3390 590 3469 quid
606 3391 723 3468 possint
738 3392 769 3450 in
784 3390 938 3471 religiono,
957 3399 1113 3470 mantum·

79 3475 126 3532 vis
157 3475 195 3535 id
224 3486 379 3560 appetant.
426 3480 463 3543 ln
492 3479 640 3542 Bohemia
669 3497 759 3559 roro,
782 3479 918 3538 blorauia
941 3487 975 3538 et
1001 3480 1114 3540 dustria

50 3571 244 3636 persecutio
265 3581 444 3657 perennat,
473 3573 565 3637 duris
589 3591 627 3634 ac
650 3569 730 3631 diris
745 3566 848 3628 modis
862 3563 1128 3642 pehmsurnsds-

20 3708 30 3799 i
