2370 3840
120 158 164 223 64
550 157 571 214 I.
591 156 706 213 Gruteri

119 309 289 388 stratiotici,
322 307 401 387 quod
433 307 521 367 homo
554 306 591 368 de
624 306 724 368 schola
757 315 787 368 et
818 308 897 368 infra
922 307 1137 370 Phormionem

118 399 287 475 muginator
297 396 442 457 obscurus
457 397 581 457 audeam
595 396 700 457 falcem
713 415 810 457 meam
824 399 988 459 immbtere
1002 400 1139 478 ipsorum

118 482 231 546 messi?
276 486 334 546 Sed
358 484 404 545 vel
428 488 471 546 sic
493 503 615 564 pergam
643 504 790 565 speroque
817 504 865 547 me
893 489 1139 566 peregrinatione

119 574 183 635 XVI
213 583 274 635 tam
301 575 394 635 multa
416 568 611 654 'perspexisse
639 574 798 636 accedente
826 574 954 636 lectione
978 579 1138 657 utriusque

119 663 237 743 liuguae
260 671 429 744 auctorum,
457 670 600 742 quantum
623 665 681 742 ipsi
706 666 738 724 iu
761 663 827 725 aula
851 664 962 745 aliqua,
990 665 1045 726 ubi
1069 668 1141 745 equi

120 762 150 815 et
169 753 272 833 scyphi
289 752 399 814 bonam
416 760 531 832 partem
550 755 695 831 temporis
709 752 868 834 abstulere,
885 757 1046 833 statimque
1062 754 1140 816 lecto

119 841 166 904 vel
184 837 343 903 Rodino³⁰6
365 841 412 903 vel
433 835 603 903 Patritio⁸⁰⁷
625 841 672 902 vel
690 836 844 923 Botero³⁰⁸
862 850 913 904 aut
929 837 1141 905 Ammirato³⁰⁹

121 931 288 993 admirandi
325 932 384 992 sibi
420 931 558 992 videntur
595 939 625 992 et
656 931 734 991 ultra
766 930 940 992 Annibalem
972 936 1139 995 exercitati

120 1020 204 1081 Haud
227 1028 327 1082 tamen
350 1023 391 1081 ita
414 1021 588 1101 desipimuS,
610 1026 644 1081 ut
667 1022 741 1100 ipsis
763 1021 840 1082 hanc
863 1039 984 1100 operam
1006 1023 1141 1084 vendite·

120 1129 203 1171 mus:
231 1129 304 1192 non,
336 1109 388 1170 sed
411 1109 485 1188 pubi
506 1109 647 1169 nobiliori
669 1112 747 1169 viam
770 1109 903 1192 ostendo,
927 1129 1017 1189 quarn
1039 1119 1141 1173 teneat

85 1211 87 1216 ’
121 1201 153 1259 in
172 1199 305 1277 legendis
325 1192 550 1281 auctoribus³¹⁰,
567 1216 628 1259 non
646 1205 707 1258 tarn
725 1207 845 1260 auctore
863 1218 911 1259 me
930 1207 1031 1260 tamen
1052 1220 1142 1281 quam

121 1289 263 1370 Augusto,
287 1290 313 1348 si
335 1306 396 1348 non
413 1290 558 1349 mentitur
575 1287 736 1349 Suetonius
760 1290 791 1348 in
809 1291 868 1349 vita
883 1290 949 1349 eius
967 1308 1031 1369 cap.
1043 1288 1088 1352 89
1095 1285 1142 1352 ³¹¹.

123 1376 268 1456 Sooppius
302 1376 377 1437 nihil
414 1379 473 1456 agit
490 1383 717 1456 praeterquam
750 1373 873 1458 <quod>
911 1377 1008 1439 debet.
1066 1379 1142 1451 Quei

123 1469 202 1527 enim
226 1466 314 1527 fidem
337 1467 425 1527 laciat
449 1468 511 1527 suis
533 1483 603 1526 vere
622 1466 776 1548 defecisse,
798 1469 857 1526 nisi
875 1468 1041 1528 insectetur
1066 1471 1143 1548 opti-

123 1574 205 1617 mum
225 1552 395 1636 quemque?
417 1556 479 1616 lam
494 1573 589 1616 annus
604 1563 649 1615 est
664 1555 743 1634 quod
762 1555 798 1615 ad
813 1573 861 1616 me
879 1554 956 1616 nihil
970 1559 1143 1639 scripserit;

122 1664 178 1706 nec
202 1648 293 1707 incito
318 1663 397 1706 sane.
441 1644 692 1723 Inscriptionibus
714 1647 830 1705 nostris
852 1646 928 1723 petii
957 1648 1144 1724 epigramma

123 1753 220 1814 nuper
246 1754 263 1794 a
290 1742 320 1795 te
349 1742 436 1814 atque
464 1732 536 1795 Dno.
561 1732 683 1813 Gentili,
716 1751 795 1794 nunc
827 1736 937 1794 iterum
968 1743 1054 1816 pcto;
1088 1755 1144 1797 nec

123 1823 270 1902 negabitis
293 1831 374 1904 puto,
397 1841 465 1902 cum
489 1822 567 1883 ultro
590 1821 640 1883 hic
659 1822 695 1883 ad
714 1841 762 1882 me
781 1825 872 1882 ierint
890 1822 1038 1905 Melissus,
1058 1823 1145 1906 Besa,

123 1911 257 1992 Lectius,
280 1911 473 1992 Iacomotius,
496 1929 624 1991 quorum
646 1913 761 1991 primus
785 1931 874 1973 aurea
897 1920 995 1973 statua
1018 1912 1145 1993 dignum

124 1999 246 2080 putabat
282 1999 428 2081 colossea,
465 2001 615 2062 secundus
652 2019 742 2080 supra
778 2000 931 2080 Orpheum
972 2001 1146 2084 extollebat,

125 2096 266 2168 tanquam
288 2107 343 2169 per
366 2108 455 2169 quem
478 2089 592 2169 lapides
610 2091 669 2150 iam
688 2090 866 2151 didicissent
883 2084 1019 2169 loquiilt
1053 2091 1146 2153 Vides

125 2197 213 2258 quam
237 2178 400 2258 putidulus.
447 2180 505 2240 Sed
528 2198 588 2239 non
612 2197 686 2241 sum.
732 2178 869 2240 Arbitror
891 2187 1000 2260 tamen,
1024 2182 1053 2240 si
1078 2184 1147 2260 quis

126 2267 279 2348 gloriolam
312 2267 440 2348 aliquam
473 2287 593 2347 sperare
626 2268 715 2330 audet
746 2268 884 2349 honeste,
922 2270 975 2347 qui
1012 2279 1147 2352 sumptu,

124 2357 225 2420 labore
243 2357 438 2437 molestiaque
462 2375 577 2418 summa
600 2359 632 2418 in
653 2376 748 2418 unum
771 2356 889 2436 collegit
911 2356 1039 2419 Romani
1063 2359 1148 2421 orbis

124 2454 316 2507 monumenta
340 2446 455 2526 singula
478 2454 566 2526 atque
589 2449 737 2527 universa,
759 2464 887 2507 menon
905 2448 1014 2508 iniuria
1038 2448 1072 2509 id
1096 2467 1148 2509 ex·

12 2601 15 2604 ,
125 2541 244 2613 pectare
267 2554 366 2616 posse,
390 2538 442 2614 qui
464 2555 501 2597 ex
524 2535 604 2596 mille
628 2533 809 2616 auctoribus,
833 2553 869 2595 ex
892 2542 1013 2596 centum
1035 2535 1148 2598 biblio·

125 2622 234 2704 thecis,
262 2642 298 2684 ex
321 2624 445 2685 totidem
473 2623 548 2686 aulis
576 2643 610 2685 ac
632 2623 860 2685 ceimeliarchiis
887 2623 962 2684 nihil
992 2642 1057 2687 non
1081 2629 1149 2688 erui

125 2712 355 2792 mendicumque
379 2715 427 2791 egi
449 2713 529 2774 velut
551 2712 671 2793 Ulysses
694 2721 818 2793 propter
840 2712 1068 2793 Rempublicam
1092 2717 1149 2776 im·

126 2802 384 2882 pudentissimum.
430 2802 590 2864 Smetianis
618 2802 738 2882 quidem
766 2802 915 2863 adiecerat
942 2801 1059 2882 aliquot
1081 2804 1149 2866 mil-

126 2891 193 2952 lena
212 2891 356 2973 Scaliger,
380 2891 433 2952 sed
456 2911 511 2971 ego
529 2891 615 2971 plura
637 2891 731 2953 millia
754 2891 854 2952 addidi
878 2910 967 2970 qua1n
990 2893 1058 2971 ipse
1078 2912 1149 2955 cen-

126 2987 195 3042 tena
218 2982 350 3061 limique
378 3000 487 3062 corpus
515 2980 653 3041 omnibus
680 2980 825 3042 memhris
852 2981 1033 3062 perfectum,
1068 2984 1149 3062 quod

127 3089 215 3133 nemo
238 3071 393 3132 hominum
415 3088 546 3150 unquam
574 3069 714 3130 molietur
735 3077 805 3149 post
826 3088 883 3130 me.
928 3069 1043 3150 Ecquis
1068 3074 1150 3133 enim

127 3162 256 3236 gratuito
275 3178 397 3239 operam
416 3167 446 3220 et
465 3158 563 3220 oleum
586 3165 647 3219 toto
668 3159 863 3238 quadriennio
881 3161 999 3238 integro
1017 3157 1149 3238 perdat?

128 3248 219 3306 immo
242 3250 434 3326 ignominiam
458 3266 492 3309 ac
515 3248 640 3309 dicteria
663 3266 717 3309 suo
741 3250 832 3327 capiti
855 3244 976 3309 assuat?
1003 3248 1043 3310 Et
1067 3249 1148 3311 istud

129 3352 199 3395 sanc
224 3343 347 3414 expecto
371 3356 387 3397 a
406 3339 502 3398 nostri
521 3339 585 3397 aevi
604 3337 795 3418 doctissimis,
819 3335 928 3416 quibus
946 3336 1022 3399 nihil
1047 3339 1148 3400 erudi·

124 3431 190 3483 tum
213 3431 273 3506 est,
302 3425 377 3485 nihil
402 3425 616 3508 expetendum,
643 3425 721 3506 quod
745 3444 806 3486 non
833 3428 922 3486 etiam
946 3427 985 3487 sit
1008 3425 1047 3487 de
1071 3445 1149 3508 panc

102 3510 265 3576 lucrando.
297 3514 409 3579 Verum
430 3516 595 3580 lucrentur
612 3515 661 3577 illi
676 3533 790 3595 panem
801 3521 834 3587 et
849 3531 970 3574 caruem
976 3533 1052 3592 una,
1064 3517 1148 3576 dum·
