2370 3840
491 179 629 250 epistolae
1031 174 1076 245 83

60 349 137 410 quae
166 329 284 391 liberali
311 331 441 390 carmine
470 329 648 411 contribuis,
682 331 760 409 quod
787 329 843 391 tibi
871 330 992 390 dictavit
1019 349 1079 390 non

58 419 177 480 Veritas
209 427 260 480 aut
287 417 388 500 Fides,
421 418 473 479 sed
500 420 591 479 Amor
622 419 696 479 deus
723 417 773 478 ille
802 437 916 479 caecus.
962 418 1078 490 Quanto

58 516 161 570 tamen
188 509 328 587 experior
356 507 494 568 affectum
521 515 606 569 tuum
634 526 703 586 erga
731 526 778 568 me
801 508 969 589 fortiorem,
996 516 1078 569 tanto

58 599 156 676 magis
179 596 236 657 tibi
259 595 383 676 obligor.
428 596 530 675 ltaque
553 596 671 676 quidvis
695 615 711 658 a
734 615 782 656 me
806 599 906 675 exigas
931 595 1079 676 postules-

59 705 118 766 que
147 685 231 767 licet,
258 685 368 747 nedum
395 684 545 746 distichon
573 688 604 746 in
632 680 871 764 Theopistum⁴⁰6
899 693 997 767 tuum,
1030 689 1078 747 cui

57 776 159 857 faveo,
186 777 236 836 cui
263 773 409 854 adplaudo
437 781 525 854 atque
549 774 682 836 adclamo
705 775 810 836 faustis
834 774 997 855 ominibus,
1025 774 1077 835 sed

57 865 195 926 numeris
217 863 428 924 abundantiam
451 866 512 924 voti
534 865 594 924 mei
614 863 767 924 includere
786 883 847 925 non
865 883 997 944 possum,
1019 866 1076 924 uti·

59 972 119 1034 que
144 955 188 1013 eis
212 971 228 1013 a
251 951 354 1014 multis
376 955 462 1013 annis
486 953 628 1014 desuetus
651 959 792 1032 tanquam
814 971 902 1014 verus
926 952 1077 1013 Musarum

57 1042 222 1121 transfuga.
267 1040 380 1103 Videbo
407 1049 520 1123 tamen,
552 1061 590 1102 an
618 1041 729 1122 aliquid
756 1042 811 1103 hac
838 1051 925 1104 nocte
953 1041 1034 1102 velut
1061 1060 1077 1102 e

60 1150 178 1211 quercu
201 1129 375 1210 exsculpere
398 1136 512 1211 potero.
548 1130 673 1192 Mortem
696 1130 777 1191 Eliae
796 1130 944 1192 Reusneri
967 1133 1077 1191 invitus

58 1219 202 1282 intellexi.
253 1219 353 1280 lndica
386 1237 496 1299 quaeso
529 1219 609 1280 diem
641 1213 794 1281 obitus⁴⁰⁷.
844 1221 957 1292 Quodsi
989 1222 1078 1281 otiam

56 1309 248 1389 indicaveris,
271 1327 328 1388 qua
352 1307 400 1369 die
423 1316 519 1369 terras
542 1309 594 1369 bas
618 1309 774 1389 reliquerit
790 1310 888 1377 ¹frater
907 1312 971 1371 eius
990 1309 1077 1392 Nico-

56 1399 124 1460 laus
157 1389 298 1479 lctusffl,
329 1415 394 1458 rem
426 1397 500 1457 mihi
532 1397 639 1458 leceris
672 1400 880 1477 gratissimam.
926 1400 1018 1459 Immo
1052 1400 1078 1458 si

56 1489 166 1566 ausim,
189 1493 287 1566 petam
310 1504 327 1546 a
349 1493 400 1547 tua
423 1485 555 1547 bonitate
578 1489 682 1566 paucis
704 1487 778 1547 mihi
799 1487 941 1569 indicare,
966 1496 1038 1567 quot
1061 1506 1077 1547 a

55 1574 198 1657 pluribus
221 1577 307 1636 annis
325 1576 511 1654 professores
529 1578 622 1636 vestri
639 1576 710 1635 hinc
729 1578 759 1635 in
779 1576 938 1636 coelestem
958 1575 1078 1635 abducti

56 1670 132 1726 sunt
157 1665 291 1742 patriam.
337 1662 375 1724 m
401 1682 439 1725 ne
466 1664 568 1725 videar
591 1663 700 1725 oblitus
724 1666 899 1745 viventium,
923 1667 949 1724 si
972 1682 1076 1724 eorum

55 1752 173 1815 natales
191 1752 358 1834 indagares,
376 1753 490 1814 faceres
508 1753 583 1813 mihi
601 1771 666 1813 rem
684 1755 892 1831 gratissimam.
929 1753 982 1812 His
1001 1771 1077 1813 nun-

56 1843 140 1904 dinis
170 1841 276 1902 dubrii
306 1841 497 1921 publicarunt
528 1841 696 1904 Chronicon
726 1835 996 1924 Chronicorum409,
1029 1844 1077 1902 cui

55 1935 140 1992 inter
157 1930 214 1990 alia
232 1930 338 1992 titulus
356 1929 500 1992 natalium
518 1931 785 2011 emortualiumquc
805 1951 865 1992 non
886 1922 973 1992 modo
992 1931 1076 1992 nobi-

55 2021 153 2081 litatis
185 2026 316 2101 sagatae,
349 2020 402 2080 sed
434 2027 464 2080 et
481 2026 614 2098 togatae.
660 2020 697 2080 Ei
724 2021 809 2081 libro-
828 2021 937 2082 bonam
965 2021 1077 2083 contuli

58 2103 271 2189 symbolam⁴¹⁰
298 2114 341 2189 ct,
367 2111 428 2170 nisi
454 2116 581 2190 perstet,
612 2111 762 2171 conseram
784 2111 933 2190 deinceps.
980 2111 1076 2172 Tuum

57 2215 179 2278 quoqne
202 2191 375 2258 nauiem⁴¹1
398 2200 506 2258 ceteris
530 2198 682 2277 adiunges.
724 2200 845 2260 Summa
868 2203 948 2260 euim
972 2200 1008 2260 de
1032 2202 1076 2258 in·

56 2289 147 2367 genio
170 2294 222 2347 tuo
243 2293 274 2347 et
291 2286 438 2347 industria
458 2305 546 2366 spero
565 2305 724 2368 voveoque,
746 2287 881 2348 moribus
899 2290 1076 2366 praesertim

54 2384 119 2436 tam
142 2377 246 2436 niveis.
291 2374 371 2436 llaec
394 2374 553 2456 habebam,
576 2395 651 2455 quae
675 2376 796 2436 lectioni
818 2394 900 2437 meae
925 2378 1075 2436 accinctus

55 2468 119 2527 tuis
139 2482 315 2544 reponerem
335 2464 382 2524 die
403 2460 454 2524 11.
473 2465 551 2526 lunii
564 2463 706 2525 MDCXIV
718 2463 940 2545 Heidelbergae.
976 2463 1075 2525 Habes

54 2555 125 2614 heic
157 2552 288 2614 inclusas
320 2552 356 2614 ad
384 2552 438 2614 Dn.
467 2546 702 2614 Sitzmanum⁴¹².
748 2553 816 2615 Vale
850 2563 880 2616 et
910 2554 1002 2636 salve,
1034 2556 1076 2614 mi

56 2641 218 2724 Hoellichi,
241 2659 258 2702 a
280 2643 326 2702 tui
348 2643 561 2703 amantissimo.

125 2730 258 2808 lmmoa
281 2730 408 2791 lectione
432 2731 535 2812 redux,
559 2733 658 2792 statim
681 2733 762 2793 istud
786 2734 842 2795 sub
864 2751 955 2794 manu
972 2733 1074 2792 natum

58 2827 117 2901 est,
145 2819 224 2899 quod
253 2822 341 2899 aequi
363 2818 493 2899 bonique
518 2820 622 2903 iacias,
650 2825 719 2900 quia
742 2830 793 2883 tuo
817 2842 833 2883 a
856 2824 942 2900 genio
967 2828 1075 2901 ortum,

57 2927 117 2969 non
140 2908 177 2969 ab
200 2910 320 2987 ingenio
343 2927 419 2969 meo.

146 3015 180 3076 ln
203 3014 397 3095 Theopistnm
422 3015 636 3095 elegantissimi
659 3015 830 3076 Hoelliobii.

102 3103 160 3176 Oui
182 3103 261 3165 bono
285 3103 350 3165 fidit
373 3123 516 3184 suamque
540 3105 658 3166 dedicat
679 3108 769 3165 vitam
792 3103 862 3184 Deo,

102 3192 178 3254 Huic
201 3193 298 3254 fluunt
320 3194 451 3255 secunda
474 3212 602 3275 semper,
625 3194 695 3254 huic
717 3194 795 3254 favet
816 3187 1047 3277 Polychorus‘l),

104 3281 357 3343 Saeviat'crebris
381 3301 559 3363 quamquam
582 3283 653 3343 hinc
675 3289 706 3343 et
728 3282 796 3342 inde
820 3283 1053 3368 tempestatibus}

104 3369 342 3451 Naufragumque
366 3373 414 3432 vix
438 3371 474 3432 ab
498 3371 587 3432 undis
611 3378 695 3432 eruat
718 3371 899 3433 clientulum.

128 3541 310 3610 anauoca
324 3560 353 3613 y,
375 3543 408 3599 cf.
430 3544 586 3605 Acheruns
607 3565 677 3606 oum
690 3565 710 3604 a
720 3546 837 3618 lougaq
851 3537 1125 3656 compi-dmm*-

926 3635 946 3683 b
