2370 3840
413 205 434 262 I.
454 204 566 260 Gmteri
585 204 721 275 epistolae
851 182 853 186 Α
1035 205 1075 270 31

29 387 32 390 ’
111 400 163 472 26.
185 402 480 473 ΙΙειιιιιε’(ἰι·ιιὶθπιιε
505 403 653 473 conrado
677 404 900 475 Rittersbusio
924 403 1032 473 amico

359 493 500 562 salutem
524 494 557 561 et
580 491 779 564 amonendi.

55 614 331 685 Heidelbergoe.
583 618 585 622 ’
855 621 898 671 21.
917 616 975 671 Ian.
996 622 1074 672 1593.

129 712 240 784 Quidni
263 715 344 773 enim
367 720 397 773 et
419 707 544 774 honesti
566 713 708 774 redonem
732 715 854 774 amanti:
878 720 1009 794 elveno,
1032 715 1078 772 vir

58 802 236 884 clarissime,
259 801 360 862 literas
381 796 449 863 'tuas
472 801 532 881 legi
554 801 674 883 lubens,
701 801 834 862 intellexi
857 801 1077 883 lubentissime3

57 911 118 954 uec
143 893 302 970 quicquam
325 898 371 952 est
396 891 473 970 quod
496 893 592 971 magis
614 909 735 952 voveam
764 910 852 970 quam
879 890 935 952 tibi
957 892 1077 970 tuisque

58 981 210 1042 similibus
232 981 260 1041 b.
281 998 306 1040 e.
331 970 452 1041 virtutis
473 980 685 1060 doctrinaeque
708 980 856 1060 politioris
875 982 988 1041 ornatis
1006 999 1077 1059 pur-

57 1088 136 1151 pura
159 1072 347 1130 innotescere
372 1076 459 1149 atque
483 1069 569 1129 adeo
584 1088 765 1131 assuescere.
811 1069 912 1149 ltaque
940 1071 1078 1129 sitienter

60 1158 217 1238 amplexus
241 1176 308 1219 snm
330 1157 554 1219 benevolentiae
578 1159 630 1219 has
654 1166 722 1220 tuae
749 1177 810 1219 uon
832 1158 969 1238 vulgares
992 1165 1077 1218 nolas

58 1247 177 1327 tibique
200 1247 469 1309 redhostimentum
492 1251 633 1328 promitto
661 1249 718 1310 tide
742 1247 828 1328 plane
851 1247 990 1308 Romana.
1036 1247 1078 1309 De

58 1339 164 1398 ieiuno
183 1339 314 1398 carmine
339 1337 418 1416 quod
441 1339 551 1416 gratias
574 1339 647 1419 agis,
670 1337 807 1417 indulges
830 1339 956 1400 affectui.
1002 1337 1076 1398 Nam

57 1443 117 1505 ego
141 1426 220 1505 quod
244 1424 388 1487 debebam
411 1425 481 1508 tibi,
509 1427 587 1506 quod
615 1426 750 1487 volebam
776 1445 837 1487 non
859 1430 952 1506 potui.
999 1428 1077 1487 Satis

58 1515 139 1576 bene
162 1533 279 1575 mecum
303 1522 402 1576 actum
425 1514 539 1597 fuisset,
562 1518 588 1575 si
612 1514 704 1576 seme'l
727 1514 852 1595 legisses
871 1523 900 1576 et
919 1516 1026 1576 deinde
1045 1518 1077 1575 in

58 1608 170 1684 ignem.
208 1603 266 1665 Sed
285 1622 341 1665 neo
364 1611 411 1665 est
433 1611 588 1684 praeterea
603 1603 690 1683 quod
714 1623 853 1682 magnum
876 1604 932 1665 tibi
955 1605 991 1665 de
1007 1651 1013 1668 .
1029 1598 1076 1688 a)

59 1697 121 1754 isto
144 1692 320 1772 pollicearis⁸
337 1695 416 1754 circa
439 1693 636 1755 litteraturam
659 1692 823 1773 meliorem,
847 1711 915 1754 cum
935 1693 1076 1772 quioquid

58 1786 91 1844 in
123 1800 170 1842 me
193 1784 290 1862 potuit
314 1800 381 1842 esse
405 1784 529 1865 rigoris,
557 1782 587 1842 id
616 1784 675 1842 iam
703 1781 872 1842 decennalis
901 1781 963 1843 lere
991 1800 1077 1861 pere·

59 1865 274 1952 grinatione¹²⁸
296 1890 334 1931 an
357 1873 476 1932 iactatio
497 1872 656 1932 decoxerit.
694 1872 819 1932 Tantum
838 1872 1002 1952 approbare
1021 1872 1077 1932 tibi

57 1978 185 2042 possum
217 1977 269 2021 cor
301 1962 365 2022 sine
399 1960 480 2044 luco,
512 1963 577 2021 sine
610 1960 677 2020 dolo
711 1962 848 2040 qnodque
882 1961 959 2022 dicta
991 1961 1076 2023 iactis

57 2051 233 2132 honestare,
265 2068 323 2130 qua
355 2048 426 2110 licet
457 2069 512 2130 per
539 2050 675 2111 fortunae
707 2053 895 2111 novereantis
924 2069 999 2131 quae
1029 2070 1076 2111 me

56 2140 203 2200 haetenus
231 2138 455 2200 circumvallant
476 2139 593 2200 hamata
616 2138 682 2200 tela.
734 2138 775 2199 De
799 2140 926 2200 adventu
949 2158 1016 2200 meo
1041 2140 1076 2200 ad

57 2221 159 2288 νος,129
186 2246 246 2288 nou
274 2235 321 2288 est
350 2231 492 2289 mentitus
517 2227 643 2289 Gentilis
671 2222 830 2308 noster1³03
864 2228 915 2288 sed
944 2246 1004 2288 non
1032 2235 1078 2288 est

58 2328 176 2399 tamen,
204 2316 282 2398 quod
311 2334 346 2378 ea
373 2336 421 2378 me
448 2317 518 2379 beet
541 2335 629 2396 quam
658 2317 720 2376 sere
745 2317 919 2377 devoveram
943 2316 1076 2376 felicitas

57 2407 169 2485 Accipe
196 2408 335 2467 rationes.
381 2406 443 2466 lam
469 2408 597 2467 maxime
626 2404 739 2465 laborat
767 2399 1013 2466 Commelinus1⁸1
1045 2407 1077 2465 iu

58 2494 243 2556 excudendis
261 2497 338 2556 meis
357 2495 393 2556 ad
409 2495 551 2557 Senecam
571 2488 921 2556 animadversionibus¹³²
944 2494 1077 2574 adeoque

58 2585 90 2644 id
114 2586 224 2645 crescit
247 2602 322 2663 opus
347 2584 402 2645 sub
426 2603 524 2667 manu,
544 2591 581 2644 ut
603 2585 697 2645 finem
717 2583 849 2646 nondum
869 2584 1008 2646 evolvam.
1041 2586 1078 2645 nt

58 2690 131 2734 vero
155 2674 217 2733 lere
241 2680 301 2754 est,
329 2680 362 2733 ut
385 2692 454 2735 vere
485 2675 621 2753 proximo
649 2673 685 2733 ad
709 2673 832 2735 batavos
855 2693 904 2736 me
928 2675 1078 2735 conseram

58 2769 182 2823 vocatus
206 2760 267 2822 illic
291 2762 440 2842 stipendio
464 2765 536 2823 satis
556 2756 734 2824 bonosum.
772 2763 909 2824 Dicerem
928 2770 1009 2823 certo
1029 2780 1076 2822 me

58 2851 220 2933 abiturum,
252 2852 312 2911 nisi
344 2851 423 2930 qnod
451 2851 500 2912 hic
524 2854 556 2912 in
580 2851 646 2913 aula
673 2859 810 2931 potentes
841 2845 993 2935 lavori**)
1024 2869 1076 2911 suo

58 2942 187 3000 nimium
219 2939 409 3019 indulgentes
441 2940 517 3002 hano
550 2960 670 3021 operam
702 2960 799 3003 meam
827 2941 885 3001 sibi
912 2943 1078 3020 impensam

57 3028 183 3090 mallent
206 3048 294 3109 quam
317 3032 439 3108 patriae.
485 3030 594 3091 Verum
622 3049 677 3090 nec
705 3032 728 3090 ii
756 3029 867 3108 aliquid
892 3031 980 3109 certi,
1008 3030 1077 3106 quia

58 3136 129 3179 cum
156 3135 263 3179 novam
289 3118 364 3179 mihi
394 3118 556 3180 decernere
584 3119 676 3180 velint
702 3120 898 3199 provinciam,
930 3135 1005 3197 opus
1033 3124 1079 3178 est

56 3207 175 3268 homini
203 3206 338 3269 lamelico
369 3208 448 3288 qnod
475 3216 593 3288 pappet.
639 3209 675 3268 At
699 3208 735 3268 de
759 3214 925 3268 commeatu
953 3208 1005 3267 isti
1028 3226 1078 3286 ap-

54 3350 109 3357 —-

118 3433 159 3501 ’*)
178 3432 304 3488 Verbum
324 3432 440 3490 circaX
458 3433 621 3489 litterarum
635 3431 732 3491 scriba
750 3431 863 3504 omisit,
878 3430 1100 3503 mummius-

41 3521 106 3558 ‘ras
125 3502 309 3572 conseripsit.

110 3572 151 3640 ⁴⁸)
169 3571 233 3628 Ood.
249 3575 353 3642 fervore.
