2370 3840
120 171 163 235 66
546 169 567 226 Ι.
587 169 699 224 Gruteri

122 313 316 404 sirenunt*),
349 319 403 379 alis
425 320 474 378 iix
498 325 599 379 estut
622 336 682 378 non
705 318 800 379 volem
829 319 865 379 ad
892 336 946 378 vos
968 318 1143 397 ibidemque

123 410 202 490 quod
216 412 294 469 vitae
313 408 444 487 reliquae
465 410 589 488 exigam,
603 410 682 468 inter
701 409 876 468 cerevisiam
894 407 976 468 illam
990 410 1142 488 pinguem.

122 498 160 560 Et
184 500 268 559 lieret
291 515 361 558 sane
385 497 512 577 aliquid,
544 499 603 557 nisi
630 499 792 576 cogitarem
819 515 889 557 mox
916 496 1003 557 illum
1030 503 1142 557 mateo-

123 588 222 666 logum
249 594 394 666 vestrum,
427 588 479 664 qui
505 585 589 647 illum
616 585 688 645 boni
714 586 853 665 doctique
884 604 988 646 omnes
1012 585 1143 665 deligant

122 677 347 738 Archilochiano
367 675 471 754 elogio.
512 674 550 735 Et
573 677 625 753 qui
647 693 699 735 vos
718 677 800 756 estis,
824 693 944 756 quaeso,
968 677 1021 754 qui
1044 677 1142 735 nesci·

121 769 159 827 tis
192 768 269 826 rotis
301 765 503 825 comminuere
536 766 579 824 sic
608 766 694 842 quasi
724 762 906 825 frustillatim
934 763 1037 824 odium
1069 764 1141 825 illud

121 852 240 916 terrae?
276 854 337 915 lam
361 871 442 914 eram
466 855 632 931 scripturus
655 853 730 913 bene
759 853 876 931 longam
899 852 1059 932 epistolam
1083 853 1141 914 ool-

123 945 204 1023 legae
220 943 264 1003 illi
278 951 329 1004 tuo
345 944 498 1021 amicoque
517 960 583 1001 meo
597 960 704 1021 magno
719 941 841 1023 Gentili3
856 941 907 1003 sed
923 960 992 1002 cum
1006 943 1140 1003 viderem

122 1033 205 1094 illum
229 1035 276 1092 vix
301 1032 468 1092 rescribere
497 1033 572 1111 suis,
600 1049 674 1109 quos
698 1031 746 1092 bic
768 1030 870 1112 habet,
898 1033 1048 1113 patroniS,
1081 1050 1140 1091 non

123 1123 252 1184 arbitror
276 1139 381 1200 operae
405 1122 535 1199 pretium
558 1120 683 1198 perdere
713 1137 846 1202 operam,
876 1122 979 1198 utique
1008 1139 1081 1181 cum
1108 1128 1140 1180 tu

120 1213 287 1290 promptius
297 1209 437 1287 expedire
447 1209 638 1290 possiS,qrrod
647 1208 838 1290 velim,quam
848 1208 1045 1288 epistolarum
1055 1227 1141 1288 gran-

120 1300 165 1359 dis
185 1299 311 1379 farrago,
330 1301 441 1357 instare
461 1300 550 1358 etiam
569 1305 598 1358 et
616 1316 723 1376 urgere
743 1300 996 1377 tergiversantem.
1025 1297 1139 1359 Verum

120 1388 193 1449 nihil
216 1405 323 1465 urgeas
347 1386 442 1447 velim.
481 1386 574 1466 Spero
598 1388 677 1446 enim
700 1387 779 1447 ultro
802 1389 915 1448 iturum
939 1386 975 1447 ad
998 1405 1047 1447 me
1072 1406 1139 1448 eum

120 1477 353 1557 Epigrammate,
385 1494 452 1536 cum
483 1475 663 1536 intellexerit
690 1478 839 1537 neminem
868 1476 929 1536 lere
957 1494 1024 1536 esse
1058 1476 1140 1536 orbis

119 1566 268 1646 Europaei
292 1565 440 1646 cultioris,
474 1567 546 1644 quin
573 1565 621 1625 lric
650 1582 715 1625 sese
742 1565 817 1625 mihi
844 1565 989 1644 benignos
1011 1567 1142 1643 praesti-

120 1659 221 1737 terint,
240 1663 359 1735 praeter
377 1654 543 1715 Altortinos.
572 1647 699 1732 Opus³²³
717 1656 765 1714 vix
782 1656 902 1715 linietur
920 1656 999 1714 intra
1017 1672 1140 1736 annum,

121 1749 211 1806 immo
235 1764 273 1805 ne
297 1751 365 1824 post
388 1762 497 1804 annum
522 1743 650 1822 quidem,
674 1749 707 1803 ut
726 1743 777 1803 fiat
796 1743 910 1804 scilicet
928 1744 1053 1803 omnino
1071 1762 1139 1823 por-

119 1842 250 1913 petuum.
294 1833 377 1903 Quod
402 1831 477 1913 dico,
500 1851 537 1892 ne
561 1835 671 1911 putetis
694 1851 742 1892 me
765 1832 923 1893 admodum
946 1834 1072 1914 instare,
1094 1835 1140 1893 uti

120 1922 218 1983 Musas
242 1928 355 1981 vestras
379 1923 514 1981 excitetis
537 1920 633 1981 media
657 1921 693 1981 de
717 1927 817 2002 nocte,
849 1940 917 1982 cum
945 1939 1070 1982 somnus
1094 1931 1141 1982 est

119 2010 377 2090 profundissimus.
432 2008 546 2070 Literas
578 2004 809 2071 Monarianas³²⁴
841 2010 950 2071 tradidi
982 2004 1140 2071 Paraeo⁸²⁵

119 2106 231 2180 nostro,
256 2097 365 2178 quibus
389 2097 574 2159 scribebatur
597 2099 716 2178 quidem
736 2093 978 2160 Zundelinum³²⁶
1000 2106 1139 2161 nostrum

119 2191 264 2269 papistaru
281 2188 389 2248 lactum
404 2190 658 2267 migraturumque
669 2188 800 2268 Pragam.
825 2188 883 2249 Sed
898 2187 1137 2249 credatludaeus

117 2277 231 2360 Apella,
259 2295 318 2338 non
346 2295 409 2356 ego.
456 2276 656 2337 Inconstantia
678 2278 746 2338 talis
771 2276 879 2338 talibus
902 2279 1137 2339 circumstantiis

117 2370 165 2428 rix
195 2367 280 2428 cadat
306 2369 337 2427 in
361 2369 497 2447 iuvenem
526 2365 715 2427 ambitiosum
742 2373 772 2427 ct
799 2384 933 2448 avarum,
963 2367 1078 2427 nedum
1105 2369 1134 2426 in

119 2475 220 2516 senem
245 2456 475 2516 climactericum
500 2457 609 2534 quique
633 2473 729 2534 nuper
747 2456 862 2516 dotatae
886 2456 982 2516 lactus
1000 2458 1133 2517 maritus.

117 2545 162 2604 An
187 2547 256 2622 quia
279 2562 356 2604 unus
380 2538 557 2625 Zopyrus³²⁷
580 2545 739 2623 transfugit
757 2544 793 2605 ad
813 2545 923 2625 hostes,
947 2547 1038 2605 etiam
1057 2545 1132 2606 hunc

119 2633 148 2692 id
173 2633 269 2693 lacere
295 2630 434 2711 oportet?
456 2634 584 2712 Apagete
604 2633 774 2694 huiusmodi
793 2635 1005 2713 suspicionem.
1044 2634 1133 2695 Aliter

117 2724 185 2783 novi
214 2721 417 2783 Zundclinum.
464 2722 536 2782 Mihi
563 2722 692 2784 refertur
719 2741 783 2783 rem
810 2722 865 2783 tibi
891 2722 940 2782 hic
968 2740 1037 2783 esse
1068 2740 1131 2784 curn

116 2805 285 2892 Bilovio³²⁸,
314 2810 481 2872 ariditorum
505 2829 638 2872 meorum
662 2812 880 2893 assiduissim03
913 2812 992 2890 quod
1016 2812 1130 2873 nollem.

117 2901 209 2961 lmmo
235 2901 297 2961 lere
321 2907 375 2981 est,
398 2908 431 2961 ut
449 2899 573 2979 probem
591 2919 779 2982 voveamque,
803 2901 854 2963 diu
871 2900 927 2961 tibi
945 2908 1067 2962 maneat
1085 2908 1130 2962 tuo

118 2992 149 3050 in
168 3009 235 3051 aere
255 2990 361 3068 hicque
382 2989 455 3050 adeo
474 2996 652 3071 arrestetur3
672 2992 715 3050 sic
733 2993 814 3051 enim
833 2992 892 3071 llet,
910 2995 943 3049 ut
957 3007 993 3049 eo
1013 2989 1130 3070 longum

118 3079 200 3140 fruar
229 3097 326 3158 neque
356 3078 412 3139 alio
444 3081 542 3158 ipsum
572 3079 685 3140 auferat
714 3078 773 3140 ulla
800 3079 1009 3159 peregrinatio.
1058 3076 1130 3151 Quid

118 3167 245 3228 scribam
270 3164 445 3247 praeterea?
469 3167 576 3228 Nescio
595 3167 695 3229 hercle
714 3170 773 3229 nisi
792 3168 856 3229 hoc.
884 3167 929 3227 Mc
948 3166 1004 3228 hac
1022 3166 1131 3229 hebdo-

116 3254 202 3314 mada
230 3259 392 3334 petiturum
420 3256 547 3336 puellam
576 3251 749 3336 aliquam⁸²⁰
777 3259 808 3317 in
838 3257 1076 3338 matrimonium,
1108 3256 1132 3316 si

115 3342 247 3403 noudum
271 3344 359 3405 alicui
382 3344 469 3405 alteri
492 3346 607 3406 addicta
630 3353 680 3407 aut
703 3346 862 3428 destinata,
892 3348 991 3423 itaque
1021 3346 1131 3425 operiri

166 3531 281 3601 deod.
302 3535 441 3593 ebenum.
481 3537 530 3593 An
547 3536 698 3595 sirenant‘r
