2364 3832
501 180 640 253 epistolae

119 325 164 388 Cui
184 327 283 389 Venus
305 328 412 390 infanti
434 347 592 390 mammam
615 331 706 412 dedit,
729 331 811 392 ebria
834 336 946 393 mensis

153 416 338 499 Aethiopum,
361 419 459 479 luerat
482 438 540 498 quo
565 422 703 482 comitata
725 428 850 502 patrem,

118 505 164 568 Cui
185 525 278 568 cunas
300 505 391 568 Erato
415 510 515 589 movit,
539 511 588 570 cui
612 512 745 588 gramine
768 510 856 570 Pindi

153 595 282 657 Vallibus
305 604 426 657 exsecto
450 596 533 658 irrisit
555 597 658 677 Apollo
684 607 781 680 caput,

117 683 201 756 Quem
223 703 352 764 puerum
374 704 435 746 non
457 705 516 747 una
540 686 644 748 Charis
668 696 779 749 sectata
802 707 934 768 perenne
959 697 1005 749 est

152 774 304 853 Quemque
328 774 546 836 adolescentem
569 795 649 837 nunc
671 780 750 857 perit
774 781 838 857 ipsa
861 778 990 859 Themis,

26 852 28 939 f
115 862 173 924 lure
196 866 287 924 etiam
309 865 418 924 merito
441 863 593 925 laurorum
615 865 803 927 lloeflichius
827 867 942 927 umbris

26 954 28 979 ¹
152 952 287 1032 Cingitur
311 954 443 1014 aeratis
466 956 586 1014 nomina
611 963 711 1016 sancta
736 958 814 1035 capit

115 1040 255 1122 Spemque
279 1042 351 1102 facit
372 1041 436 1103 fore
460 1062 501 1124 se,
525 1043 561 1103 de
586 1063 644 1122 quo
668 1064 771 1106 omnes
796 1045 895 1105 dicere
919 1047 1049 1124 possint:

152 1131 303 1192 Phoebum
326 1150 395 1192 cum
417 1131 510 1193 Musis
533 1151 677 1211 quaerere
702 1135 827 1195 stultitia
850 1142 909 1216 est3

114 1217 259 1282 Phoebum
282 1239 352 1280 cum
374 1219 467 1281 Musis
490 1220 678 1282 Hoeflichius
703 1223 822 1284 exhibet
845 1243 937 1285 unus:

153 1309 276 1392 Sinon,
299 1328 355 1371 nec
378 1309 524 1392 Phoebus,
547 1310 630 1372 Musa
653 1331 709 1373 nec
732 1313 791 1374 ulla
815 1314 879 1374 luit.

82 1393 212 1478 Quidquid
235 1399 302 1459 heic
325 1417 430 1480 pecco,
458 1399 603 1460 voluntati
625 1408 692 1461 tuae
717 1402 946 1463 adscribendum
970 1406 1078 1485 reniet,

81 1501 128 1546 uon
147 1487 277 1549 facultati
299 1506 392 1568 meae,
416 1491 464 1549 cui
483 1496 550 1550 aute
570 1490 671 1550 oculos
691 1494 832 1551 meritum
850 1499 935 1552 tuum
954 1498 1077 1552 tantum.

81 1573 251 1655 »impiissimo
270 1576 343 1638 Duo.
363 1573 614 1656 Gryphiandr0⁴1⁷
636 1579 799 1657 plurimum
822 1579 916 1639 debeo
940 1598 994 1657 pro
1017 1586 1078 1639 tam

80 1664 175 1739 prolixa
204 1665 298 1727 salute
326 1667 450 1745 eiusque
477 1667 558 1727 mille
587 1667 711 1728 totidem
739 1665 869 1727 millenis
892 1686 1077 1729 remuneror.

81 1750 179 1816 Sedet
205 1774 301 1816 annus
330 1761 389 1836 est,
416 1758 506 1817 immo
531 1759 614 1837 anni,
643 1757 721 1835 quod
744 1756 853 1816 haereo
877 1758 908 1815 in
932 1774 1000 1816 aere
1023 1756 1077 1819 Du.

80 1839 199 1922 disparis
231 1837 367 1925 Facii4¹⁸‚
399 1863 415 1904 a
448 1865 505 1924 quo
539 1853 641 1906 ornata
674 1845 744 1907 licet
777 1845 832 1905 luit
862 1845 1076 1907 rotundissimo

78 1926 325 2010 Epigrammate⁴¹⁹
347 1932 579 2014 Inscriptionum
607 1943 776 1996 nostrarum
800 1935 908 2016 moles,
933 1935 1077 1997 hactenus

78 2024 161 2082 tomen
183 2022 261 2083 silui.
307 2021 404 2093 Quare
428 2042 538 2102 quaeso
561 2032 604 2105 te,
629 2025 696 2085 subi
719 2044 815 2085 meam
839 2028 935 2085 vicem
959 2045 992 2087 ac
1017 2034 1078 2086 tam

78 2124 147 2172 come
174 2118 263 2192 caput
284 2114 445 2190 gratiarum
465 2113 556 2173 floreo
576 2114 670 2174 imbre
690 2115 812 2192 largiter
831 2114 969 2174 inumbra
989 2133 1079 2193 spou-

78 2195 192 2280 deasque
225 2200 366 2262 audacter
396 2220 444 2261 me
476 2202 654 2263 humanitati
686 2205 751 2262 eius
783 2202 878 2263 valide
908 2202 1078 2279 obligatum.

77 2283 154 2366 Sique
181 2291 298 2351 occasio
327 2289 479 2351 oboriatur
502 2292 719 2372 redhostiendi,
746 2293 845 2350 omnia
869 2293 968 2369 ipsum
991 2309 1007 2350 a
1031 2309 1079 2350 me

76 2384 218 2455 expectare
242 2397 341 2460 posse,
365 2398 439 2458 quae
463 2379 499 2440 ab
522 2381 642 2441 homine
667 2380 818 2439 doctrinae
838 2380 903 2438 eius
923 2397 956 2438 ac
974 2380 1079 2438 virtuti

76 2462 257 2529 deditissimo.
303 2467 347 2528 lta
370 2471 475 2550 vivam,
498 2472 538 2529 ita
561 2470 682 2530 valeam.

132 2556 302 2617 Scribebam
343 2559 423 2618 inter
462 2560 605 2639 strepitus
643 2560 828 2618 visitantium
869 2556 1080 2618 bibliothecam

76 2636 225 2707 Palatinam
247 2644 332 2706 XVll.
357 2646 523 2726 Septembr.
546 2647 688 2708 MDCXIV
710 2647 981 2726 Heidelbergae.

598 2754 703 2815 lanus
727 2755 903 2816 Gruterus
927 2761 1034 2813 vester.

272 2941 322 3011 os.
355 2945 382 3013 1.
407 2945 568 3015 craterus
592 2947 647 3015 ou.
669 2944 869 3014 uocatum.
931 2921 943 2950 “

74 3059 350 3136 (Heidelbergae).
853 3069 894 3119 14.
914 3064 980 3119 Dec.
1002 3067 1079 3117 1615.

131 3177 265 3241 Clariss0.
285 3183 452 3261 eximioque
472 3181 544 3242 Dno.
564 3180 777 3257 Christophoro
796 3177 965 3239 Hoellichio
984 3178 1005 3238 l.
1025 3173 1081 3239 GP.

72 3266 244 3409 qeipublicac
267 3272 380 3348 patriae
405 3270 526 3350 syndico
547 3277 601 3329 etc.
625 3268 720 3328 amico
744 3267 925 3328 edocumato.
963 3267 1081 3328 Nouim-

90 3370 217 3507 erqqqus
241 3445 387 3508 Gruterus
411 3446 519 3508 Christ.
543 3442 723 3506 hoellichio.

131 3534 199 3596 Tria
231 3535 319 3596 simul
348 3555 383 3597 ex
412 3538 481 3598 unis
508 3539 569 3599 tuis
596 3533 697 3599 litoris
724 3533 832 3597 didici:
856 3544 1033 3599 assecutum
1049 3539 1090 3588 tc
