2370 3840
514 184 653 256 epistolae
1045 186 1090 251 43

21 402 25 409 ,
63 338 181 418 aliquid
215 337 427 417 superfuisset·
445 337 603 418 temporis,
636 338 824 414 scripsissem
857 334 1089 422 Camerariis¹⁹⁵,

64 431 111 490 uti
130 427 165 488 l).
184 422 407 506 Lingelshemio
431 427 463 486 in
482 409 585 486 ⁴reditu
608 410 867 486 commendassent
884 425 997 505 Msptos
1020 427 1087 490 iilos

62 518 230 597 Plautinos,
255 514 364 595 quibus
387 516 432 575 uti
455 517 566 594 eogit03
589 514 642 574 sed
665 517 810 593 temporis
832 522 976 595 punctum
995 520 1024 576 ei
1043 521 1088 578 rei

64 625 128 668 non
153 606 281 666 suffecit.
323 604 357 665 Si
379 606 480 684 itaque
504 602 624 664 dabitur
646 605 862 686 opportunitas,
883 611 917 664 tu
939 623 987 665 me
1011 607 1086 667 iuva.

64 696 143 756 Nam
167 713 223 773 ego
246 692 380 755 nondum
403 691 584 772 exemplaria
607 691 656 752 ilia
679 692 748 753 vidi.
794 692 836 753 De
859 694 1010 754 meo‘Van
1034 695 1087 755 der

64 777 217 864 Ηειςθη196
235 785 296 844 iam
313 800 411 862 nuper
428 784 542 861 recipio
561 779 676 841 litteras
695 799 750 860 per
765 776 962 865 Pistoris¹⁹⁶⁸‚
986 785 1038 862 qui
1055 791 1085 844 te

64 875 208 935 aestimat
225 880 256 933 et
274 879 360 932 amat.
397 870 512 931 Ronum
532 871 651 950 iactum,
674 873 701 930 si
719 871 857 931 iuvenem
876 872 912 932 ad
931 871 1085 934 literarum

63 962 166 1024 studia
189 960 316 1022 subinde
340 960 507 1020 exhorteris
531 959 744 1037 abstrahasque
767 978 783 1019 a
803 963 953 1021 consortio
972 980 1085 1043 eorum,

63 1051 177 1132 quibus
201 1053 233 1109 in
257 1068 309 1110 ore
333 1057 363 1109 et
386 1067 486 1110 amore
504 1047 601 1109 Plauti
619 1048 669 1108 illa
687 1044 911 1110 Perbibesia¹⁹⁷.
948 1049 989 1111 De
1009 1050 1085 1130 Chy-

62 1150 149 1210 traeo
168 1132 351 1199 Nathane¹⁹⁸
372 1156 432 1199 non
455 1139 569 1198 errasti.
607 1137 731 1198 Bremae
750 1140 831 1213 enim
849 1142 910 1219 agit
927 1147 1084 1220 rectorem,

63 1232 110 1291 uti
134 1228 234 1288 velte
258 1228 332 1288 baeo
356 1226 475 1288 docebit
498 1226 608 1307 charta,
631 1245 706 1305 quae
730 1227 799 1287 inde
822 1231 914 1289 missa
932 1229 1007 1289 mihi
1025 1231 1084 1291 iam

61 1318 192 1399 pridem.
241 1310 517 1395 Baumgartneri¹⁹⁹
553 1318 648 1376 vicem
686 1314 780 1376 doleo.
831 1316 889 1378 Sed
922 1336 1084 1397 numquam

61 1426 133 1469 sera
158 1424 225 1467 esse
248 1405 326 1466 solet
347 1404 384 1465 ad
406 1404 502 1465 bonos
525 1423 624 1465 mores
648 1407 703 1465 via.
748 1404 821 1466 Utut
843 1414 902 1489 est,
925 1426 991 1467 amo
1015 1426 1083 1468 eum

62 1497 235 1558 eommunis
262 1497 466 1574 praeceptoris
493 1513 583 1555 eausa
611 1501 641 1553 et
662 1501 692 1554 te
717 1497 807 1555 etiam
829 1498 937 1576 magis,
961 1499 1030 1576 quia
1054 1504 1084 1556 et

61 1594 111 1666 tu,
139 1591 174 1645 ut
200 1585 315 1665 innuis,
343 1583 399 1644 sub
424 1576 513 1644 eo²⁰⁰.
557 1582 630 1642 Mihi
652 1582 793 1643 Doneiius
816 1591 880 1644 erat
903 1603 962 1644 non
986 1583 1083 1644 solum

60 1673 325 1753 familiarissimus,
339 1673 391 1733 sed
406 1674 594 1733 necessarius
609 1690 703 1751 paene
718 1679 747 1731 et
761 1678 875 1732 tantum
889 1691 949 1733 non
964 1692 1081 1752 parens.

60 1763 152 1824 Certe
175 1764 208 1822 in
228 1761 347 1822 batavia
370 1768 432 1822 tota
454 1780 542 1822 nemo
566 1760 631 1842 suit,
654 1763 703 1822 eui
726 1760 880 1842 addictioq
904 1763 983 1840 quod
1008 1762 1082 1822 mibi

59 1850 164 1913 hercle
191 1869 315 1931 magnae
342 1857 448 1930 reputo
477 1850 602 1931 gloriae,
630 1853 687 1910 etsi
716 1852 789 1932 sint,
817 1853 868 1929 qui
897 1854 963 1912 eius
986 1853 1081 1912 famae
1135 1916 1139 1921 ,

58 1940 191 2002 nihilum
213 1939 354 2001 tribuant.
392 1938 604 2000 Genethliaoon
627 1933 726 1999 fiiii²⁰¹
749 1939 858 2001 nudius
881 1944 989 2002 tertius
1007 1942 1082 2002 mibi

60 2031 149 2093 misit
175 2027 208 2089 ii.
231 2028 370 2090 Melissus
398 2036 428 2089 et
455 2028 550 2089 fateor
577 2047 625 2089 me
653 2031 725 2089 item
752 2029 810 2090 tale
834 2029 946 2109 aliquid
971 2029 1080 2093 debere

57 2119 218 2198 habeoque
245 2117 319 2178 adeo
343 2118 495 2198 affeetum3
524 2117 576 2178 sed
600 2120 658 2177 iam
682 2117 807 2178 aliarum
831 2137 898 2179 sum
921 2139 1022 2181 rerum
1051 2128 1081 2181 et

57 2207 176 2286 alioqui
202 2205 340 2287 pluribus
368 2207 526 2288 distineor,
555 2224 643 2287 quam
670 2215 704 2267 ut
731 2209 768 2266 iis
797 2209 950 2268 commode
974 2216 1079 2288 peetus

56 2296 135 2359 iliud
164 2297 300 2357 sufficiat.
345 2295 390 2356 lta
418 2295 550 2375 undique
579 2295 614 2356 ad
643 2314 690 2355 me
719 2298 780 2355 itur
803 2299 1017 2375 inquiruntque
1041 2296 1079 2356 de

56 2387 151 2449 huius
170 2383 311 2465 illiusque
329 2384 388 2446 looi
405 2387 517 2445 veriori
535 2383 697 2464 intellectu,
720 2387 811 2444 immo
831 2384 904 2445 adeo
922 2404 1079 2446 censuram

23 2475 27 2481 '
57 2481 230 2555 exposcunt
252 2474 289 2534 de
312 2476 434 2554 seriptis
457 2471 595 2554 aliorum,
624 2473 732 2552 quibus
756 2475 872 2534 utnon
896 2474 1080 2537 satisfacien-

56 2565 134 2628 dum
158 2566 206 2643 sit,
229 2571 329 2624 tamen
352 2570 512 2642 utrumque
536 2563 777 2642 respondendum
801 2571 856 2624 est.
894 2564 952 2625 Sed
973 2572 1002 2625 et
1021 2567 1079 2626 iam

56 2656 153 2714 instat
174 2651 325 2713 Freberus
347 2651 398 2712 ille
421 2658 533 2733 noster,
557 2659 591 2713 ut
613 2647 889 2731 Epithalamium²⁰8
912 2656 970 2734 ipsi
993 2655 1078 2715 ador·

56 2761 144 2823 nem,
175 2748 382 2821 quaeruntque
414 2759 450 2801 ex
480 2759 528 2801 me
561 2741 706 2802 iudicium
738 2742 774 2803 de
802 2740 920 2805 &almis
948 2743 1076 2803 Mauritii

56 2823 282 2910 Landgravii²⁰³
309 2832 375 2892 eius
398 2825 615 2910 eonsiliarii204,
642 2834 695 2910 qui
716 2831 787 2892 hine
811 2832 1016 2911 Studgardiam
1041 2831 1077 2891 ad

56 2921 246 3000 apertionem
269 2921 441 2980 testamenti
461 2915 757 2998 wirtembergioi205.
794 2920 855 2981 iam
878 2920 978 2999 babes,
1002 2938 1077 2999 quae

56 3008 149 3090 volui,
167 3010 260 3069 immo
279 3008 358 3088 quod
376 3010 469 3087 potui.
506 3008 584 3087 Ergo
603 3008 666 3069 vale
685 3017 716 3069 et
735 3008 813 3070 salve
833 3028 901 3069 oum
915 3008 1077 3069 lectissima

56 3099 197 3178 coniuge,
221 3115 290 3158 oum
313 3096 487 3159 dulcissimo
510 3097 609 3178 filiolo,
633 3100 681 3158 cui
703 3117 800 3159 meam
818 3101 913 3158 vicem
933 3095 1078 3157 osculum.

102 3201 383 3287 Heidelbergae,
408 3203 455 3264 die
482 3201 531 3264 12.
556 3203 626 3263 Nov.
651 3203 787 3264 MDVllC.
831 3228 836 3235 ’

593 3311 674 3372 Tuus
698 3317 779 3371 totus
802 3309 823 3370 l.
847 3309 1032 3375 Gruterus.
