2370 3840
517 185 655 257 epistolae
1048 188 1091 254 59

68 335 125 396 ille
148 337 239 396 etiam
261 342 295 396 ut
313 335 375 396 dixi
395 335 494 415 Scipio
518 354 573 396 nec
596 354 657 396 non
680 335 803 397 Colerus
823 345 853 397 et
872 339 898 396 si
917 339 983 416 quis
1006 357 1092 417 prae-

69 433 158 486 terea
181 426 250 485 istic
272 426 332 485 mei
354 442 469 485 memor
492 432 542 485 aut
565 443 676 485 amans.

142 530 420 614 Heidelbergae,
444 531 491 591 die
516 529 566 593 27.
586 530 671 593 Febr.
693 528 787 595 1598.

290 736 342 808 46.
371 740 396 808 Ι.
417 739 575 809 Gruterus
596 741 626 808 t.
645 741 877 809 Rittersltusio.

70 862 339 932 Heidelbergn'e.
858 869 901 917 23.
921 864 991 918 Nov.
1012 870 1089 919 1598.

142 959 208 1019 Etsi
230 959 310 1018 vices
334 966 419 1019 erant
446 977 529 1019 meae
557 966 714 1038 expectare
742 978 920 1038 responsum
947 967 1032 1020 tuum
1056 960 1091 1020 ad

70 1067 158 1110 meas
181 1065 323 1127 nuperas,
354 1046 432 1108 haud
455 1055 555 1108 tamen
578 1066 713 1129 possum,
747 1050 818 1127 quin
842 1056 910 1109 utar
937 1051 1091 1109 occasione

69 1137 173 1200 oblata
196 1156 213 1196 a
234 1135 288 1197 lln.
311 1135 451 1219 Frelrero,
475 1140 526 1217 qui
550 1137 628 1197 redit
652 1138 687 1198 ad
712 1156 772 1198 vos.
818 1137 855 1199 Et
879 1139 999 1218 quidem
1023 1157 1091 1199 cnm

72 1228 230 1306 cognorim
239 1243 276 1285 ex
285 1225 394 1286 litteris
404 1221 634 1287 Taubmauni²⁸³
648 1226 756 1287 habere
767 1246 819 1287 vos
830 1228 1002 1307 frequenter
1012 1247 1092 1288 com-

71 1316 234 1378 moditates
254 1313 405 1376 scribendi
422 1315 458 1375 ad
478 1317 584 1397 ipsum,
607 1322 676 1395 peto
695 1318 835 1397 primum,
857 1317 945 1378 hasce
961 1337 1042 1378 meas
1062 1320 1090 1378 ei

71 1407 177 1467 mittas
190 1407 287 1484 prima
300 1406 464 1465 occasione.
488 1404 700 1483 Praeterquam
716 1408 797 1466 enim
809 1407 888 1484 quod
904 1407 1033 1467 libenter
1049 1409 1092 1466 vi-

71 1496 145 1556 deat
163 1495 238 1554 meis
256 1492 385 1553 inclusas
409 1493 552 1572 Scaligeri
575 1494 611 1554 ad
636 1512 676 1574 se,
700 1497 817 1574 cupiam
837 1498 925 1556 etiam
945 1498 1031 1575 scire,
1056 1515 1092 1555 an

73 1585 226 1663 receperit
248 1580 384 1643 Plautum
408 1581 491 1643 illum
514 1602 623 1664 meum,
648 1601 737 1662 quem
760 1602 828 1643 cum
850 1584 930 1643 MSS.
956 1583 1092 1644 Camera-

73 1674 170 1734 rianis
193 1670 390 1752 contuleram,
421 1671 545 1733 schedas
568 1675 658 1733 etiam
682 1678 711 1731 et
734 1671 804 1752 alia,
834 1674 865 1732 in
889 1691 964 1750 quae
993 1675 1092 1732 conie-

72 1779 189 1842 ceram,
226 1759 367 1840 quicquid
400 1759 496 1821 obiter
533 1780 548 1821 e
581 1761 661 1821 MSS.
694 1760 852 1821 hauseram
883 1760 1038 1841 Palatinis,
1076 1780 1091 1821 e

72 1849 303 1929 Suspicionibus
325 1852 402 1909 meis
426 1845 686 1928 excerpseram234.
733 1850 807 1910 Nam
830 1850 900 1912 licet
923 1853 981 1910 iam
1005 1850 1091 1929 plane

73 1940 238 2001 abiecerim
256 1939 418 1999 editionem
436 1938 541 2020 Plauti,
560 1940 652 1999 nolim
670 1947 770 2000 tamen
789 1940 905 2001 labores
924 1940 990 2000 illos
1009 1958 1092 2000 meos

72 2031 184 2109 perire.
216 2027 302 2088 Nunc
324 2035 405 2088 totus
429 2047 495 2088 sum
514 2031 545 2089 in
565 2030 732 2108 apparando
752 2048 841 2108 opere
860 2030 1091 2108 Inscriptionum

74 2111 327 2178 Romanarum²⁸⁵.
369 2116 405 2176 Ei
427 2117 618 2178 includentur
642 2137 701 2179 non
727 2119 875 2179 Smetiana
900 2126 930 2178 et
952 2118 1091 2197 Lipsiana

73 2201 249 2286 tantum285,
281 2206 332 2266 sed
356 2203 482 2267 alterum
505 2213 620 2267 tantum
643 2210 722 2286 eins,
755 2208 834 2285 quod
858 2206 989 2284 Scaliger
1018 2207 1092 2267 mihi

73 2297 169 2357 cessit
189 2297 335 2375 petiitque
358 2297 468 2356 mirum
497 2298 529 2356 in
552 2297 672 2356 modum
696 2295 792 2356 titulis
817 2296 976 2356 Smetianis
1000 2297 1092 2355 inter-

75 2403 257 2465 spargerem.
303 2383 347 2445 Ne
370 2393 470 2446 autem
493 2388 642 2446 actuarius
664 2384 783 2445 viderer
806 2377 961 2464 merus287,
990 2383 1091 2443 decre-

74 2483 140 2536 tum
172 2481 218 2534 est
249 2480 389 2534 excutere
418 2492 509 2534 omne
537 2493 631 2552 genus
659 2473 817 2554 librorum,
850 2493 866 2534 e
891 2491 948 2552 quo
980 2473 1092 2552 aliquid

72 2581 184 2624 eruere
207 2570 253 2623 est
274 2562 505 2642 inscriptionum
524 2572 554 2624 et
572 2565 737 2624 auctarium
756 2563 864 2624 addere
884 2563 977 2624 nihilo
996 2563 1091 2625 levius

73 2653 235 2713 Smetiana.
277 2651 355 2712 Haec
374 2660 510 2730 agentem
530 2654 556 2711 si
578 2671 630 2712 vos
656 2661 706 2713 aut
725 2671 780 2731 ope
804 2659 902 2713 vestra
927 2662 977 2714 aut
996 2656 1092 2714 consi-

73 2741 116 2802 lio
139 2743 239 2802 iuvare
273 2742 410 2820 possitis,
446 2744 555 2819 quaeso
580 2741 734 2802 subvenite
763 2745 870 2823 amico,
908 2745 955 2802 sin
984 2745 1092 2821 minus,

74 2829 215 2891 subiicite
239 2831 359 2890 nomina
382 2848 495 2910 eorum,
522 2832 574 2908 qui
597 2831 645 2891 hic
669 2832 742 2891 milri
766 2831 932 2910 symbolum
957 2831 1092 2891 ceriferre

74 2920 201 3000 possint.
247 2918 322 2978 Nam
353 2921 384 2979 in
417 2917 573 2979 Germania
605 2929 725 2999 praeter
757 2919 810 2980 Dn.
837 2920 992 2980 Velserum
1024 2921 1093 2977 novi

74 3010 237 3070 neminem.
274 3007 359 3078 Quod
383 3009 410 3067 si
433 3027 550 3087 quoque
575 3012 627 3087 qui
650 3010 723 3069 editi
743 3017 812 3069 sunt
834 3008 912 3088 libri,
935 3005 1093 3084 inquibus

74 3104 197 3177 praeter
220 3098 390 3176 opinionem
413 3098 606 3158 inveniendae
636 3098 782 3158 eiusmodi
810 3098 1034 3175 inscriptiones,
1064 3096 1094 3155 id

74 3204 198 3266 quoque
213 3185 350 3247 indicate.
377 3181 567 3246 ilraneam²83
586 3206 682 3247 meam
697 3189 756 3246 iam
776 3185 934 3263 dedissem,
953 3185 1005 3244 sed
1020 3185 1095 3245 nihil

76 3276 124 3337 his
147 3274 398 3355 Inscriptiouibus
420 3283 609 3354 praevertere
634 3274 741 3355 debeo,
772 3293 845 3353 quas
872 3273 973 3353 praelo
1003 3274 1095 3335 subii·

75 3367 154 3426 ciam
179 3365 280 3424 statim
303 3366 400 3443 primo
423 3383 501 3424 vere.
548 3362 601 3425 Dn.
624 3363 864 3424 Wesembecinm
887 3383 903 3424 a
926 3363 1010 3424 vobis
1034 3364 1096 3424 abi-

76 3456 137 3515 isse
171 3471 268 3532 nuper
300 3455 410 3513 invitus
442 3447 594 3515 audivi289.
645 3453 827 3516 Columnam
854 3472 931 3514 sanc
961 3455 1112 3511 amxsxstxs

76 3549 189 3600 restrae
202 3541 327 3602 sclrolae.
352 3541 413 3604 Sed
428 3551 459 3605 et
475 3543 577 3609 obitus
594 3540 814 3611 Canterartulii
829 3539 1144 3625 ips'u‘xllxiumnssss.
