2370 3840
122 191 165 255 14
557 187 704 260 Epistolaa

120 339 259 419 Principe
290 341 411 420 accepit.
465 338 612 400 Salarium
643 346 688 400 est
718 339 839 400 ducenti
869 339 990 420 floreni,
1026 339 1143 421 domus,

121 432 226 511 vestis,
255 426 347 510 ligna,
378 447 461 510 oves,
489 427 594 510 hoves,
620 430 719 509 porci,
746 431 894 509 triticum,
919 428 1083 511 hordeum,
1106 430 1142 490 ad

121 518 325 580 sustinendam
347 536 412 579 rem
434 517 620 579 familiarem.
657 517 700 578 lta
722 519 866 578 nimirum
888 517 968 578 illius
991 521 1141 600 tenuitati,

120 611 151 670 in
174 627 232 689 qua
256 625 350 668 annos
371 605 449 668 XXV
476 608 508 667 in
534 606 582 667 his
610 606 782 687 regionibus
812 609 1001 668 continenter
1027 607 1140 669 docens

118 699 193 759 vixit
220 699 251 757 in
276 696 377 757 labore
401 702 431 756 et
453 697 596 776 patientia
618 694 851 774 benignissimus
873 698 1029 776 prospexit
1051 695 1140 758 Deus.

120 787 190 867 Cui,
220 797 254 847 ut
282 787 367 866 novi,
401 792 435 846 tu
465 784 622 845 nobiscum
651 786 739 845 amici
768 787 889 845 nomine
918 787 1029 864 gratias
1061 803 1139 866 ages.

119 875 268 950 Discedet,
291 875 390 956 credo,
415 874 474 935 Gal.
489 874 575 935 lunii.
611 873 696 944 Quod
716 875 742 934 si
761 893 831 936 cum
850 874 882 935 D.
898 868 1140 944 Cumerstadio⁷⁰

120 983 220 1026 coram
244 965 328 1025 suero
347 963 473 1044 locutus,
497 963 533 1024 ad
552 957 746 1023 Tomaeum⁷²
770 963 907 1044 scribam,
930 970 964 1024 ut
986 965 1081 1024 etiam
1103 964 1139 1025 de

119 1073 173 1114 suo
198 1060 276 1114 statu
300 1056 338 1114 sit
362 1054 479 1114 certior.
516 1051 633 1112 Gratias
654 1051 712 1112 tibi
730 1070 794 1134 ago,
817 1052 896 1132 quod
915 1053 1017 1113 fratris
1035 1052 1139 1115 literas

119 1143 155 1203 ad
177 1161 226 1203 mc
249 1144 377 1222 miseris,
401 1160 474 1221 quas
497 1141 545 1202 his
568 1158 673 1202 rursus
696 1135 844 1203 inclusi⁷².
881 1141 961 1202 lleus
983 1141 1085 1224 faciat,
1107 1150 1139 1204 ut

118 1230 201 1291 illum
220 1231 299 1291 diem
319 1232 540 1310 quamprimum
558 1230 684 1312 videam,
707 1249 766 1310 quo
784 1233 843 1292 sim
862 1249 929 1292 cum
948 1233 1039 1312 meis3
1064 1231 1138 1292 nihil

118 1321 199 1380 enim
222 1320 297 1380 mihi
318 1320 375 1380 hoc
398 1321 459 1379 otio
478 1326 508 1379 et
530 1321 588 1380 ista
611 1319 770 1381 solitudine
794 1323 913 1400 gravius
937 1327 1026 1399 atque
1045 1321 1137 1382 mole

118 1410 202 1471 stius.
248 1409 289 1468 Te
314 1415 383 1488 opto
409 1406 509 1468 valere
537 1426 606 1469 oum
628 1411 688 1470 tuis
712 1409 859 1470 omnihus.
906 1408 948 1469 lle
970 1408 1136 1471 Camerarii

118 1498 245 1560 adventu
264 1500 290 1558 si
309 1516 392 1578 spem
411 1496 512 1578 habeS,
535 1497 609 1557 mihi
628 1499 772 1579 significa,
794 1505 896 1578 repete
916 1500 1027 1577 quaeso
1047 1507 1136 1579 atque

116 1606 228 1668 usmpa
252 1589 370 1666 saepius
398 1588 600 1647 intermissam
626 1585 770 1647 hactenus
798 1587 949 1648 scribendi
975 1596 1136 1650 consuctu-

117 1677 225 1738 dincm.
267 1675 344 1738 Vale.

164 1776 427 1868 (Calcarcuthi)
446 1783 512 1843 ruri
531 1781 567 1841 ad
585 1779 740 1863 Rederam,
758 1801 803 1862 pr.
822 1781 881 1844 Cal.
900 1781 970 1843 hlaii
987 1781 1118 1848 hlllblll.

693 1888 870 1968 Georgius
893 1888 1096 1952 Fabricius.

186 2013 284 2074 Fratri
310 2013 415 2075 laccho
441 2020 476 2074 ut
498 2013 656 2096 rescribas,
678 2022 708 2075 te
731 2033 812 2094 rogo.

299 2239 343 2311 13.
380 2239 454 2310 lisr.
476 2240 689 2330 Rudingorus
712 2241 766 2311 W.
788 2202 956 2310 hlenrero.¹

118 2349 151 2418 (E
171 2347 255 2402 ludo
273 2346 454 2419 Portensi).
903 2350 928 2401 4.
946 2343 1015 2401 Dec.
1034 2348 1135 2417 (154⁷).

206 2524 213 2538 .
229 2525 236 2538 .
255 2477 292 2538 Μ.
301 2478 482 2558 Vuollgango
492 2478 629 2540 Meurero
644 2477 811 2538 academiae
820 2477 974 2557 Lipsensis
988 2481 1102 2539 rectori
1111 2525 1135 2539 ..

123 2567 155 2627 V.
174 2567 333 2629 Decemdr.
351 2568 441 2627 1547
447 2561 481 2628 ²³.

203 2654 232 2715 S.
246 2654 279 2715 ll.
298 2654 474 2735 Requirenti
487 2649 615 2716 loach.²⁴
633 2655 687 2716 has
706 2655 743 2717 ad
761 2663 791 2717 te
810 2655 925 2716 litteras
943 2654 1029 2736 dedi,
1054 2655 1132 2736 quod

113 2752 143 2806 et
170 2761 285 2805 morem
311 2746 370 2823 ipsi
397 2744 561 2824 gerendum
589 2752 739 2825 putarem,
767 2752 798 2804 et
819 2744 875 2804 tibi
897 2762 958 2805 non
981 2746 1133 2823 ingratum

112 2834 245 2895 futurum
268 2833 449 2894 confiderem
473 2833 604 2894 officium
627 2851 741 2915 meum3
771 2852 840 2894 nam
864 2833 943 2914 quod
967 2833 1131 2896 scriberem

111 2941 236 3004 prorsus
259 2941 318 2984 uon
345 2921 498 2984 habebam.
544 2921 718 2983 Dimisimus
746 2929 845 2984 autem
872 2923 952 2983 hunc
979 2922 1016 2983 ad
1046 2941 1131 2985 orm·

111 3020 281 3074 mentorum
305 3030 428 3074 suorum
450 3014 628 3092 petitionem
657 3012 779 3092 cupide,
807 3012 859 3072 sed
883 3011 920 3072 dc
943 3010 1132 3074 scholasticis

113 3104 212 3182 operis
230 3105 329 3163 minus
348 3101 485 3182 libenter,
503 3101 613 3181 quibus
631 3119 686 3180 ego
705 3101 785 3161 hunc
803 3102 844 3161 ita
863 3108 965 3162 natum
983 3107 1014 3163 et
1028 3108 1131 3181 aptum

112 3190 221 3270 iudico,
243 3199 277 3252 ut
299 3209 396 3271 neque
419 3191 596 3252 brevissimo
618 3197 754 3269 tempore
776 3192 843 3250 siue
866 3189 1057 3251 incommodo
1081 3189 1131 3250 illo

113 3296 215 3339 carere
238 3283 387 3358 possimus
410 3288 441 3341 et
463 3282 576 3362 nescio,
599 3298 637 3340 an
655 3279 834 3340 industriam
856 3280 945 3340 huius
967 3280 1000 3340 in
1023 3297 1131 3360 regen·

37 3403 40 3408 -
112 3367 158 3428 dis
177 3366 312 3428 moribus
329 3368 545 3448 discipulorum
563 3377 594 3430 et
608 3367 783 3449 disciplinae
803 3371 960 3429 severitate
978 3371 1131 3447 possimus

100 3456 234 3537 assequi,
257 3456 292 3516 id
315 3457 395 3536 quod
413 3457 495 3520 nulla
516 3458 574 3519 alia
591 3458 629 3519 de
647 3476 737 3520 causa
756 3455 864 3539 scribo,
881 3475 971 3536 quiam
987 3457 1071 3537 quod
1090 3460 1132 3518 ita

80 3544 226 3606 sentiam.
282 3546 333 3607 Ad
365 3547 422 3611 has
458 3550 555 3631 igitur
590 3567 684 3630 quam
713 3548 851 3628 primum
874 3546 947 3604 heri
970 3552 1075 3621 potest
1099 3552 1135 3606 ut
