2370 3840
126 161 169 225 82
559 161 580 216 I.
599 159 711 215 Gruteri

126 328 270 372 conamur
289 328 365 391 esse,
388 312 460 370 item
479 309 596 390 affectu,
618 328 722 370 verum
741 309 875 391 facultas,
897 329 1003 372 rerum
1022 312 1132 372 effectus

125 418 186 462 non
213 399 382 478 respondet.
429 399 553 477 Semper
576 401 694 478 reperio
717 416 765 458 me
793 399 889 459 adhuc
917 399 966 460 vel
992 403 1071 462 intra
1094 400 1132 460 vel
1175 408 1177 467 1

125 492 205 550 circa
237 505 382 549 carceres.
428 487 565 548 Vestrum
598 489 656 547 erit
688 488 782 548 stadio
814 488 914 549 medio
948 489 1083 550 exultare
1108 496 1133 549 et
1175 508 1177 513 ·

124 578 274 640 indelessa
307 595 397 638 cursu
429 594 621 655 perseverare
654 576 690 636 ad
723 575 842 638 calcem.
889 576 954 648 Qua
986 580 1019 639 iu
1053 597 1084 639 re
1111 580 1132 638 si

123 669 214 749 rotis,
242 668 269 726 si
292 664 555 727 adclamationibus
578 667 654 725 meis
677 664 789 744 aliquid
811 667 959 744 prolicere
982 686 1033 728 me
1057 685 1132 747 posse

123 765 220 838 putas,
239 758 353 834 impera
372 762 402 814 et
420 757 571 833 impetras.
609 753 707 814 Habes
721 754 788 815 heic
802 757 933 837 interim,
953 757 1036 835 quod
1050 759 1133 836 cupis,

124 846 258 906 dextram
282 844 397 904 scilicet
419 861 525 924 meam,
549 862 606 922 qua
629 842 685 902 tibi
708 842 851 921 polliceor
873 844 964 904 tidem
988 847 1132 906 11111111-

123 938 209 1015 tiam,
236 933 377 1012 quamdiu
405 951 471 992 eam
499 931 632 992 servabis
659 935 763 992 virtuti
786 939 816 993 et
839 933 1012 995 eruditioni.
1059 933 1132 1006 Quod

124 1042 211 1103 spero
235 1023 369 1083 futurum
391 1028 544 1101 perpetuo.
581 1020 658 1092 Quid
678 1023 758 1081 enim
778 1040 896 1101 sperem
919 1021 1008 1084 aliter
1027 1024 1065 1085 de
1082 1032 1133 1084 tam

123 1113 199 1173 bene
223 1119 301 1192 nato,
324 1110 400 1171 bene
425 1109 557 1171 educato.
594 1108 654 1170 Has
677 1112 762 1170 mitto
785 1112 832 1171 via
855 1111 921 1193 alla,
944 1131 1037 1191 quam
1059 1131 1133 1174 mon·

124 1202 235 1281 strasti‚
259 1200 338 1279 quod
360 1199 482 1260 videbar
504 1206 609 1260 nactus
632 1201 827 1260 occasionem.

189 1288 258 1348 Vale
291 1295 322 1348 et
353 1287 431 1348 salve
464 1296 494 1349 et
521 1287 601 1349 mille
630 1287 740 1350 salutes
768 1306 850 1350 meas
877 1291 1001 1368 imperti
1031 1308 1133 1369 quaeso

123 1377 313 1439 solertissimi
345 1378 458 1455 ingenii
490 1378 714 1457 acutissimique
746 1377 851 1438 iudicii
882 1381 947 1438 viro
974 1378 1030 1439 Dn.
1059 1379 1134 1439 Eliae

123 1459 332 1547 Reusnero405,
355 1467 449 1527 amico
472 1472 506 1526 ut
530 1485 617 1546 spero
642 1469 891 1548 constantissimo,
915 1470 1052 1547 quamvis
1074 1486 1134 1530 eum

123 1556 257 1637 epistolis
289 1557 364 1616 meis
397 1556 516 1635 saepius
546 1574 606 1616 non
634 1555 793 1637 compello,
826 1556 905 1635 quod
932 1559 1034 1636 ipsum
1062 1556 1135 1618 nulla

122 1647 178 1707 alia
201 1647 235 1707 lit
263 1645 300 1706 de
325 1663 426 1726 causa,
453 1663 541 1723 quam
569 1644 607 1704 ob
634 1647 788 1705 raritatem
810 1644 1037 1707 tabellariorum
1060 1654 1136 1707 recta

123 1735 158 1796 ad
186 1754 238 1796 vos
266 1734 460 1795 tendentium.
508 1733 565 1794 Sed
593 1750 649 1794 nec
672 1732 841 1795 Franclurti
867 1734 984 1795 offendo
1008 1753 1136 1816 unquam

122 1823 320 1904 typographos
339 1822 551 1902 bibliopolasve
566 1823 715 1904 lonenses,
735 1823 813 1902 quod
831 1824 925 1884 miror
943 1830 975 1884 et
992 1825 1137 1904 indignor,

122 1930 182 1973 non
206 1912 302 1972 solum
326 1911 405 1990 quod
428 1913 576 1972 amicitiae
599 1905 737 1996 sructu*)
758 1918 934 1992 eapropter
952 1915 1064 1995 priver,
1087 1913 1136 1974 sed

72 1996 74 2002 '
123 2002 213 2060 etiam
236 1998 314 2079 quod
338 2017 398 2059 nou
421 2000 569 2079 adipiscar
591 2000 693 2081 libros,
717 2019 791 2080 quos
813 2001 1017 2063 desiderarem
1037 2020 1136 2064 eorum

122 2090 349 2168 investigatione
372 2089 446 2149 mihi
470 2091 528 2149 emi
552 2109 586 2150 ac
609 2090 705 2150 vendi.

169 2195 341 2257 Scribeham
365 2196 412 2257 die
439 2191 488 2257 15.
512 2195 598 2257 Febr.
625 2192 711 2259 1614
737 2198 845 2276 raptim
867 2195 1136 2278 Heidelbergae.

421 2304 527 2365 Vester
550 2306 631 2364 omni
655 2304 753 2364 officio
776 2303 882 2365 lanus
906 2301 1096 2367 Gruterus.

343 2564 393 2634 113.
416 2567 442 2635 Ι.
467 2566 626 2636 Gruterus
650 2567 704 2635 dh.
726 2563 924 2635 lloollichio.

124 2685 389 2757 Heidelbergae.
903 2693 946 2742 11.
965 2688 1043 2743 lunii
1065 2693 1134 2744 1614.

188 2802 268 2864 Clm0.
292 2801 572 2882 elegantissimoque
595 2804 696 2864 iuveni
717 2801 790 2863 Duo.
811 2801 1026 2882 christophoro
1051 2801 1134 2863 Hoel·

119 2892 209 2954 lichio
242 2893 317 2953 iuris
347 2890 503 2952 candidato
532 2900 562 2953 et
589 2894 683 2953 amico
711 2893 839 2970 egregio.
885 2890 981 2953 lenae.
1023 2908 1133 2953 recom-

119 2980 226 3042 mandd
249 2999 266 3043 a
288 2980 316 3041 la
340 2983 501 3043 courtoisie
525 2980 561 3042 de
584 2981 689 3042 Mons&
713 2979 832 3041 Remus,

185 3070 274 3132 lanus
299 3069 445 3132 Gruterus
468 3069 682 3150 christophoro
702 3068 875 3130 >H0el1ichio
899 3068 928 3129 S.
943 3067 974 3128 P.

185 3158 295 3221 Litoris
305 3161 365 3221 tuis
375 3165 491 3220 tantum
501 3159 712 3240 gaudiidebeo,
722 3165 867 3237 quantum
881 3157 1002 3219 doloris.
1022 3158 1131 3220 Gaude·

120 3245 188 3306 bam
212 3266 277 3309 mea
301 3248 400 3327 abquo
423 3266 490 3309 esse
513 3251 545 3308 in
564 3251 660 3328 pretio
684 3247 761 3327 apud
785 3254 823 3309 te.
869 3245 1011 3308 Dolebam
1035 3255 1131 3309 contra

121 3353 168 3396 me
187 3353 225 3397 ue
240 3338 432 3397 centesimam
451 3332 617 3420 <quidem>
630 3344 745 3418 partem
760 3355 865 3397 eorum
885 3338 916 3397 in
931 3354 979 3397 me
993 3338 1130 3413 invenire,

118 3457 332 3467 -..fia—...-

177 3527 204 3596 t)
223 3523 291 3583 Cod.
308 3528 448 3598 fructum.
