2370 3840
436 1079 747 1155 Praefatio

151 1333 184 1392 ln
221 1333 297 1393 hane
334 1331 525 1411 epistolarum
563 1332 781 1414 collectionem,
823 1353 946 1412 quarum
984 1344 1100 1415 partem

84 1419 250 1483 Guilelmus
273 1421 373 1501 Meyer
395 1421 544 1501 Spirensis
568 1422 641 1481 mibi
664 1421 792 1483 laudavit
816 1424 1100 1505 commendavitque,

84 1511 156 1572 alias
175 1529 243 1571 meo
262 1511 382 1590 iudicio,
405 1517 493 1590 prout
512 1509 696 1591 placuerunt,
719 1529 735 1571 e
755 1511 907 1573 codicibus
928 1512 1100 1591 Gottingen-

84 1598 167 1661 sibus
195 1601 302 1660 horum
331 1599 462 1677 catalogo
491 1617 587 1678 nuper
611 1598 689 1660 edito
715 1603 832 1678 egregie
857 1601 975 1662 adiutus
999 1601 1100 1683 selegi,

83 1692 180 1769 primo
202 1688 266 1749 loeo
287 1696 425 1768 quattuor
444 1688 708 1749 celeberrimorum
726 1689 870 1749 Senoniae
891 1694 1100 1769 magistrorum

84 1779 121 1839 ad
139 1778 244 1857 Wollg.
262 1778 441 1859 Meurerum,
459 1777 660 1858 professorem
674 1777 869 1860 Lipsiensem,
888 1779 971 1840 datas
990 1782 1100 1859 episto-

84 1868 137 1948 las,
161 1867 281 1946 Georgii
304 1866 467 1948 Agricolae,
491 1867 612 1946 Georgii
629 1865 768 1948 Fabricii,
791 1867 909 1928 Esromi
927 1868 1100 1950 Rudingeri,

83 1957 188 2017 Adami
207 1956 314 2037 Siberi,
338 1959 472 2036 recipere
495 1960 591 2016 visum
615 1963 670 2017 est.
706 1957 759 2017 His
784 1957 927 2018 accedunt
946 1965 1100 2038 poetarum

84 2047 215 2127 litterae,
242 2045 356 2106 Eobani
378 2045 466 2106 Hessi
490 2048 634 2126 quinque,
662 2048 742 2106 inter
764 2064 815 2106 eas
837 2053 913 2127 trec,
936 2050 968 2107 in
992 2048 1100 2126 quibus

83 2135 120 2196 ad
144 2137 232 2196 amici
256 2153 342 2214 opem
366 2133 490 2214 supplex
515 2134 655 2215 confugit,
679 2135 709 2194 id
729 2134 807 2214 quod
825 2137 935 2195 mirum
955 2155 1020 2196 esse
1040 2155 1100 2196 non

83 2231 182 2304 potest
209 2226 341 2304 inviro,
370 2223 465 2302 quoad
493 2225 579 2304 vixit,
607 2226 651 2283 rei
677 2223 830 2284 familiaris
858 2226 958 2304 inopia
982 2225 1099 2286 assidue

83 2320 198 2394 vexato,
221 2321 252 2374 et
265 2312 349 2374 Pauli
362 2312 475 2373 Melissi
493 2311 728 2393 bybliothecarii,
746 2331 806 2372 non
826 2315 997 2374 invenustae
1015 2317 1100 2374 satis·

83 2420 141 2482 que
179 2402 326 2481 loquaces
382 2402 554 2480 Sequuntur
585 2401 648 2462 lani
680 2400 802 2462 Gruteri
834 2402 989 2484 epistolae,
1027 2422 1099 2483 quas

83 2493 192 2570 raptim
221 2499 251 2551 et
279 2499 360 2551 stans
388 2491 463 2570 pede
492 2493 523 2552 in
549 2509 608 2551 uno
638 2493 772 2572 scripsit,
804 2511 931 2570 quarum
960 2491 1021 2553 stili
1048 2511 1100 2552 ne-

83 2579 262 2660 glegentiam
276 2582 456 2641 coniecturis
470 2580 620 2660 perpolire
635 2583 721 2641 anxie
732 2581 871 2662 abstinui,
886 2583 991 2642 ultimo
1001 2589 1100 2642 autem

82 2668 149 2731 loco
172 2669 334 2729 Hermanni
358 2670 551 2751 Thederingi,
575 2688 690 2730 summa
714 2689 781 2731 eum
806 2689 876 2730 cura
900 2678 929 2731 et
952 2671 1099 2732 munditia

83 2765 230 2839 exaratae,
253 2757 423 2818 iuveniliter
446 2766 476 2818 et
499 2761 598 2819 iocose
622 2762 759 2838 scriptae.

150 2847 243 2926 Epist.
278 2844 404 2909 1-17.
434 2844 574 2910 19—25
609 2851 641 2908 in
678 2849 741 2908 cod.
774 2848 962 2927 Gottingensi
993 2848 1100 2928 philos.

83 2935 125 3000 89
146 2944 177 2997 et
196 2933 253 2999 89⁸
276 2939 387 3016 insunt,
412 2932 552 2998 26-57.
572 2933 613 2998 61
639 2939 670 2996 in
693 2937 756 2997 cod.
778 2936 883 3016 philos.
904 2933 955 3017 91,
976 2934 1027 2998 59.
1048 2935 1100 3000 60.

83 3023 217 3089 62-69
244 3028 277 3085 in
305 3025 368 3086 cod.
397 3025 502 3105 philos
530 3022 585 3106 92,
608 3022 660 3088 58.
686 3022 815 3088 70-91
846 3027 876 3085 in
906 3026 969 3087 eod.
993 3027 1098 3106 philos.

84 3111 199 3196 93,18
223 3117 253 3174 in
279 3115 342 3175 cod.
367 3116 512 3193 gymnasii
535 3113 738 3194 bybliothecae
762 3115 955 3176 lsenacensis.
989 3115 1100 3177 Omnes

83 3212 239 3264 auctorum
254 3200 391 3283 ‘propria
405 3200 511 3264 manu’
526 3206 654 3283 scriptae
670 3212 748 3284 sum,
767 3211 886 3283 praeter
901 3201 1041 3266 26-57.
1057 3203 1098 3267 61

83 3286 177 3376 (saec.
196 3287 301 3375 xvii),
332 3289 372 3354 18
393 3286 483 3375 (saec.
503 3286 595 3376 XVI),
622 3291 664 3352 22
685 3287 815 3374 (recenti
837 3312 931 3353 manu
951 3313 970 3351 e
992 3294 1113 3350 scheda

83 3381 218 3443 mutilata
240 3376 490 3469 transscriptam).
528 3377 711 3466 ‘Epistolas'
740 3389 852 3444 autem
863 3378 1033 3440 nominati
1047 3379 1139 3425 sexe-

79 3489 143 3531 rem
165 3470 318 3534 scribendi
342 3492 462 3538 morem
489 3485 631 3542 secutus.
