2370 3840
82 155 124 218 62
516 155 536 209 Ι.
556 153 670 212 Gruteri

85 309 127 365 mi
150 306 340 387 Rittershusi,
364 306 409 366 sac
433 323 551 384 quaeso.
583 304 617 365 ln
636 304 702 366 aula
719 305 813 367 Ducis
832 306 1096 387 Wirtenbergensis

86 395 238 474 Stntgardi
262 395 403 455 dicuntur
426 413 492 454 esse
517 394 629 473 aliquot
651 397 877 474 inscriptiones.
925 396 984 458 Eas
1011 399 1095 458 sitm

86 503 175 564 opera
200 487 410 545 intercessoria
439 484 619 564 obtinerem,
651 485 737 544 fieret
765 491 795 546 et
824 485 949 564 publico
975 486 1048 547 bono
1071 493 1095 545 et

85 582 136 634 tuo
160 574 274 634 honori.
321 573 366 634 Tu
388 572 512 653 videris3
544 591 613 633 nam
641 592 695 652 ego
723 576 877 636 neminem
902 578 1033 657 reperio,
1053 575 1093 654 qui

88 683 123 724 ex
148 663 214 723 aula
242 662 291 722 illa
315 661 427 741 aliquid
454 662 529 722 mihi
556 664 696 742 impetret
723 663 865 725 omnibus
888 667 1021 746 ignotus,
1045 664 1092 724 nisi

87 752 165 831 quod
202 754 326 813 memini
358 751 469 811 ibidem
501 751 658 829 aliquando
686 753 780 813 fuisse
807 760 953 832 patruum
981 754 1091 814 Simonis

85 844 182 902 nostri
206 841 299 902 Ulrici
321 834 501 901 Pistoris⁹⁹⁹.
542 841 611 902 Vale
634 843 677 902 mi
699 841 825 902 Domine
850 861 884 903 ac
909 843 1018 904 salveat
1036 858 1088 902 meo

83 934 203 990 nomine
227 939 330 991 noster
352 930 487 991 Gentilis

131 1031 438 1121 (lleidelbergae),
462 1037 510 1098 die
535 1033 794 1099 22.xbr.1599.

151 1163 184 1221 ln
208 1170 395 1223 antecessum
419 1169 488 1242 opto
516 1162 600 1222 vobis
629 1180 739 1223 annum
767 1172 947 1242 sequentem
976 1165 1083 1225 faustum

84 1261 112 1310 et
136 1251 259 1311 felicem.

261 1439 314 1509 do.
346 1442 372 1508 Ι.
396 1442 556 1510 Gruterus
580 1443 611 1510 d.
633 1441 869 1511 Rittershusio.

82 1566 292 1622 Francfurti.
861 1571 906 1621 21.
926 1565 1001 1636 Sept.
1019 1565 1079 1618 1600.

150 1663 233 1724 Salve
266 1664 443 1744 plurimum,
474 1664 520 1722 vir
552 1663 816 1742 praestantissime.
862 1661 973 1723 Rarius
1003 1659 1034 1721 ad
1058 1664 1079 1715 te

83 1754 194 1834 scribo,
228 1754 279 1813 sed
303 1772 363 1813 non
386 1753 453 1813 ideo
477 1753 576 1812 minus
600 1769 680 1834 amo,
711 1751 792 1812 velut
815 1748 874 1832 illi,
907 1770 982 1830 quos
1003 1747 1080 1829 pudor

81 1841 236 1919 praepedit
268 1840 358 1919 loqui.
405 1841 520 1902 Accidit
547 1847 646 1901 autem
677 1841 707 1901 id
735 1841 811 1921 fere,
844 1840 924 1919 quod
957 1843 1080 1918 ignorem,

81 1929 203 1988 ubinam
236 1936 266 1988 et
298 1929 415 2006 quando
449 1932 607 1990 convenire
639 1932 753 2009 possim
784 1928 967 1991 tabellarios.
1013 1926 1079 1987 Nunc

82 2017 181 2076 scribo
215 2024 335 2077 secutus
369 2021 554 2079 occasionem
584 2025 614 2079 et
641 2026 674 2079 ut
701 2019 756 2079 tibi
783 2021 1017 2079 transmitterem
1040 2014 1080 2074 bas

83 2106 298 2185 Scaligerianas
317 2109 392 2166 meis
412 2108 550 2168 inclusos.
581 2108 658 2179 Quid
677 2127 757 2169 nunc
776 2126 854 2187 agas,
874 2106 984 2187 quibus
1003 2102 1080 2166 studia

80 2204 131 2257 tna
155 2196 282 2278 excolas,
306 2216 416 2276 quaeso
440 2197 485 2256 iac
509 2196 665 2276 aliquando
691 2199 790 2258 sciam.
837 2197 878 2257 ne
904 2216 952 2258 me
982 2215 1029 2258 res
1047 2196 1081 2252 est

80 2289 198 2348 misera.
231 2286 302 2347 Vivo
328 2287 423 2347 adhuc
446 2286 553 2346 viduus
577 2286 780 2366 incumbitque
803 2285 852 2346 his
870 2285 1006 2348 humeris
1027 2296 1081 2346 curt

80 2379 125 2436 rei
153 2377 306 2438 familiaris
335 2377 521 2455 duorumque
545 2374 686 2457 liberum,
715 2394 790 2454 quae
818 2394 854 2436 eo
877 2378 998 2455 gravior
1020 2366 1081 2455 quod

79 2465 192 2524 millum
217 2466 340 2526 habeam
364 2469 395 2526 in
419 2465 506 2525 domo
530 2466 589 2524 nisi
613 2472 796 2526 extraneum.

360 2589 384 2650 0
407 2592 488 2668 passi
512 2597 610 2650 tamen
634 2588 784 2669 graviora!

77 2713 173 2793 Atque
205 2715 319 2774 utinam
352 2716 513 2775 etiamnmn
545 2733 605 2774 non
637 2712 771 2794 paterer!
817 2713 942 2795 Nescio,
974 2733 1013 2776 an
1045 2711 1085 2774 ali·

78 2804 194 2883 quando
227 2811 256 2864 et
284 2803 339 2864 tibi
371 2810 401 2864 et
428 2803 500 2864 Dno.
529 2803 640 2863 Gentili
669 2805 842 2882 scripserim
870 2822 939 2864 esse
968 2805 1086 2884 aliquem

76 2894 266 2976 bntverpiae,
303 2895 355 2972 qui
392 2892 511 2970 colligat
542 2892 683 2971 Epicedia
719 2895 751 2952 in
788 2893 902 2952 obitum
938 2884 1086 2955 Ortelii³⁰⁰.

75 2983 165 3045 Petiit
188 2987 214 3044 is
239 3003 255 3044 a
277 3002 325 3044 me
349 2989 383 3043 ut
406 2981 581 3042 Germaniae
601 2984 762 3042 excitarem
782 2984 913 3062 oscines,
938 2985 999 3044 iam
1018 2982 1088 3044 enim

76 3072 185 3133 habere
196 3075 328 3134 carmina
338 3071 441 3152 Lipsii,
456 3070 581 3152 Douzae,
591 3071 744 3151 scaligeri,
754 3070 890 3131 Lernutii
899 3071 1089 3151 aliorumque,

77 3163 129 3237 qui
143 3162 220 3241 apud
239 3182 302 3223 nos
335 3161 406 3223 Feci
425 3163 456 3220 in
475 3167 598 3239 partem.
631 3161 689 3220 Vos
709 3166 807 3221 autem
826 3167 967 3238 expertes
986 3161 1089 3223 habere

76 3247 167 3307 fuerit
189 3256 329 3311 truncare
353 3251 476 3311 chorum
500 3249 660 3310 Musarum.
692 3249 764 3310 Peto
783 3252 882 3328 itaque
906 3268 963 3328 per
987 3252 1090 3312 sancti-

75 3341 166 3394 tatem
190 3340 336 3398 amicitiae
360 3347 479 3401 nostrae
498 3357 660 3419 manesque
685 3339 757 3400 adeo
777 3336 957 3420 Ortelianos,
980 3347 1014 3401 tu
1032 3339 1090 3403 Dm

76 3422 215 3504 Gentilis,
247 3430 280 3483 tu
307 3424 369 3485 Dne
392 3426 575 3490 Rittershusi
607 3429 719 3509 aliquid
752 3430 817 3488 eius
844 3429 903 3488 viri
930 3431 1090 3490 memoriae

69 3511 176 3576 indere
203 3512 379 3595 dignemini.
426 3515 478 3578 Sic
506 3519 590 3599 qnod
620 3536 676 3577 uos
703 3517 832 3595 amptius
846 3516 996 3593 ingentis,
1021 3515 1092 3576 nibil
