2370 3840
516 176 654 248 epistolae
1046 181 1089 245 41

69 329 365 412 spissigradissimus
392 325 442 387 ille
471 325 682 388 Commelinus.
728 328 873 400 Quoniam
902 337 1001 390 tamen
1031 349 1092 392 uon

69 428 120 482 est
145 418 304 480 multarum
326 415 497 477 chartarum
518 422 548 477 et
566 415 742 478 Germaniae
760 437 855 497 paene
873 421 996 501 invisus,
1019 427 1090 499 puto

69 509 205 570 libenter
237 523 425 569 excusurum.
471 504 553 565 Nihil
584 511 684 566 tamen
711 515 881 586 praevertet
907 508 1090 570 animadver-

72 596 212 659 sionibus
243 597 320 656 meis
351 597 383 655 in
411 594 569 675 Senecam,
602 597 672 674 quia
704 596 843 657 damnum
876 599 906 657 ei
937 599 969 657 in
999 616 1090 659 mora.

70 687 232 767 Expressit
253 688 313 746 iam
336 701 413 745 anno
436 682 507 743 folia
530 682 597 762 plus
619 685 720 746 minus
740 684 763 745 L
786 693 817 746 et
835 694 949 747 restant
966 687 1091 748 totidem

71 784 126 838 aut
148 777 248 855 potius
271 773 366 854 plura.
404 772 597 851 Suspiciones
619 791 702 834 meas
720 793 781 834 nou
800 775 894 856 edam,
917 778 1091 855 priusquam

71 873 103 927 et
141 872 302 943 utrumque
334 861 407 923 illud
441 861 683 923 Camerarianum
714 863 897 943 perlustraro
930 864 1091 946 exemplar,

71 957 148 1016 item
176 955 308 1032 quinque
337 969 388 1012 sex
418 958 533 1030 septem
556 949 652 1033 MSS,
680 955 732 1031 qui
760 961 830 1015 sunt
856 956 888 1014 in
910 953 1090 1015 bibliotheca

70 1042 218 1124 Palatina,
246 1044 278 1102 in
305 1040 414 1120 quibus
436 1046 553 1101 tantum
576 1041 745 1102 comoediae
768 1045 886 1121 priores
909 1050 985 1104 octo.
1032 1043 1090 1104 Sed

71 1140 104 1193 et
129 1138 248 1192 servant
269 1130 319 1190 hic
336 1128 455 1209 Apuleii
477 1128 570 1189 libros
589 1130 626 1190 de
645 1132 729 1190 asino
749 1150 848 1192 aureo.
884 1131 1013 1193 Eosdem
1032 1140 1092 1193 stat

72 1223 165 1282 etiam
184 1220 329 1299 evolvere,
347 1220 523 1299 priusquam
542 1218 613 1299 quid
633 1219 727 1281 edam.
760 1221 805 1282 Tu
818 1229 878 1303 tua,
897 1241 972 1302 quae
989 1222 1090 1303 habea,

71 1309 149 1371 mibi
179 1306 413 1370 communicabis
443 1309 513 1368 scio.
560 1308 678 1370 Senties
705 1328 753 1370 me
781 1311 932 1372 bominem
960 1330 1090 1392 munem,

72 1399 103 1459 id
135 1406 193 1480 est,
221 1400 273 1479 qui
299 1404 381 1458 tuam
408 1395 464 1456 tibi
492 1414 552 1457 non
580 1396 725 1459 invidebit
751 1398 876 1478 gloriam
903 1402 1089 1480 professione

72 1490 243 1569 nominum,
274 1505 329 1567 per
361 1504 436 1566 quos
466 1486 654 1567 profecerim.
700 1487 848 1550 Nonnulla
878 1492 967 1550 etiam
995 1490 1089 1550 habeo

71 1580 104 1638 in
134 1577 261 1637 cundem
289 1583 440 1637 auctorem
468 1594 484 1635 a
513 1574 677 1657 Scaligero,
709 1570 841 1637 minime
859 1578 993 1656 proiecto
1020 1596 1091 1639 con-

71 1666 242 1727 temnenda.
287 1665 349 1726 Hac
372 1667 500 1746 ratione,
528 1667 660 1746 inquieS,
687 1664 881 1744 Suspiciones
904 1665 977 1727 aliae
1002 1673 1091 1727 erunt

73 1775 90 1816 a
115 1748 319 1835 prioribus¹⁸⁶.
363 1754 473 1814 Verum
495 1756 549 1835 ais,
572 1760 602 1814 et
625 1771 662 1814 an
685 1772 746 1814 uon
767 1754 825 1814 hoc
847 1763 979 1834 praestat
1001 1773 1090 1834 quam

70 1853 108 1906 ut
134 1863 218 1904 mere
246 1843 401 1905 extrudam
429 1842 635 1924 Suspiciones,
664 1845 851 1904 coniecturas
879 1863 985 1924 nempe
1009 1843 1089 1905 nulla

70 1935 160 1995 nixas
187 1934 363 1994 auctoritate
391 1938 442 1992 aut
469 1933 593 1992 ratione.
639 1931 693 1993 Est
721 1933 794 1993 mihi
823 1934 911 1995 isthic
935 1934 1012 2014 apud
1036 1952 1089 1996 vos

71 2028 218 2101 cognatus
241 2039 333 2103 unus,
361 2023 481 2081 nomine
504 2020 669 2082 Matthaeus
687 2022 750 2082 Van
773 2023 826 2083 der
843 2018 992 2102 Hagenffll
1014 2026 1090 2084 iuris

71 2111 241 2192 studiosus3
269 2129 337 2172 eum
363 2113 394 2171 in
416 2118 478 2170 tam
500 2111 651 2189 frequenti
673 2109 827 2173 literarum
851 2113 1014 2174 dandarum
1037 2131 1090 2192 op-

70 2202 257 2281 portunitate
276 2198 351 2260 nihil
368 2199 512 2260 hacteuus
531 2201 689 2278 scripsisse
707 2202 900 2261 vehementer
918 2204 1020 2261 miror.
1058 2200 1090 2261 Si

71 2291 192 2351 occasio
211 2296 265 2370 est,
287 2288 376 2349 velim
395 2306 530 2369 quaeras,
549 2306 586 2349 an
604 2290 645 2348 ita
663 2289 782 2349 assidue
803 2297 965 2369 occupetur
983 2307 1090 2351 manus

70 2378 205 2440 tenendo
228 2377 381 2459 cantharo,
408 2385 443 2438 ut
466 2376 577 2438 calamo
600 2395 704 2437 vacare
728 2396 788 2437 non
810 2375 928 2457 possit?
973 2380 1010 2439 At
1033 2380 1090 2439 scit

70 2477 174 2529 tamen
202 2485 269 2528 esse
297 2467 455 2548 quaedam,
483 2466 520 2527 de
549 2465 656 2544 quibus
685 2468 843 2527 certiorem
866 2486 914 2528 me
938 2468 1035 2530 iacere
1060 2475 1091 2530 et

70 2563 178 2638 posset
205 2564 234 2617 et
260 2575 331 2617 vero
359 2555 490 2617 deberet
536 2550 762 2634 Pitbopoeus188
790 2565 857 2618 ante
885 2558 988 2620 decem
1016 2558 1089 2619 duo-

72 2646 172 2707 decim
196 2645 261 2707 dies
279 2645 397 2707 dicebat
415 2663 448 2706 se
467 2646 649 2723 scripturum
668 2646 704 2706 ad
723 2654 766 2728 te3
791 2647 842 2708 sed
862 2667 930 2709 cum
949 2656 1017 2709 ante
1037 2666 1089 2708 sex

72 2735 140 2796 dies
159 2734 390 2815 interpellarem,
409 2733 487 2814 quod
503 2733 539 2794 ad
553 2751 605 2794 vos
619 2737 678 2796 iret
691 2734 926 2797 Melanchthonis
941 2754 1034 2816 nepos
1043 2731 1090 2816 ¹⁸⁹,

72 2823 193 2885 dicebat
219 2824 351 2885 nondum
374 2830 475 2903 parata
498 2825 610 2904 omnia,
638 2842 714 2903 quae
737 2825 862 2886 volebat.
907 2826 1008 2903 ltaque
1032 2825 1089 2887 alia

72 2916 231 2974 occasione
253 2913 356 2975 literas
379 2915 444 2973 eius
468 2911 647 2991 expectabis.
684 2913 727 2974 Ad
746 2914 865 2975 Davidis
883 2911 1008 2974 ll5almos
1034 2933 1089 2992 ego

53 3003 196 3082 ·quidem
214 3002 288 3063 nihil
306 3000 411 3082 habeo,
429 3001 482 3062 sed
501 3003 583 3061 misit
601 3020 698 3082 nuper
717 3003 752 3063 ad
771 3021 829 3081 me,
848 3005 921 3063 item
934 3002 1089 3063 Posthium

72 3100 105 3153 et
118 3091 281 3172 Melissum,
294 3090 431 3151 nonnihil
445 3093 510 3152 eius
525 3093 644 3169 generis
659 3090 782 3152 Carolus
796 3092 980 3153 Utenhovius
994 3109 1089 3155 meus,

73 3180 107 3242 ld
131 3181 227 3242 adhuc
250 3188 343 3241 restat
366 3180 443 3259 apud
461 3178 615 3240 Melissum
637 3198 693 3241 nec
716 3199 770 3260 ego
789 3181 858 3241 vidi.
896 3180 970 3241 Puto
989 3188 1089 3243 tamen

71 3272 197 3352 proprie
228 3271 327 3331 lacere
360 3269 396 3330 ad
425 3272 612 3349 propositum
639 3264 777 3331 tuum190.
823 3270 890 3331 Vidi
917 3270 1030 3332 dudum
1057 3275 1089 3334 in
1156 3320 1163 3332 .

72 3359 207 3441 catalogo
220 3377 330 3420 nomeu
344 3360 470 3420 iuniou's
485 3358 639 3419 cuiusdam
653 3357 878 3439 baumgartneri
893 3353 967 3444 (nisi
980 3356 1090 3444 fallor),

73 3452 126 3530 qui
144 3451 311 3530 parentavit
328 3466 404 3509 anno
421 3450 613 3531 praeceptori
628 3447 677 3511 illi
691 3469 763 3514 meo
776 3443 1109 3533 lingonicum&

67 3541 112 3599 Ee
132 3542 199 3615 ipso
222 3537 320 3597 cilicio
343 3541 444 3602 sentio
467 3559 520 3604 me
545 3541 652 3606 eidem
673 3545 723 3609 ita
746 3545 951 3618 deuinctum,
966 3543 1011 3594 ut
1028 3532 1109 3588 nucu
