2370 3840
86 185 152 250 104
478 183 511 237 Η.
531 181 702 252 Thederingi

86 353 103 394 a
135 352 182 393 me
216 325 456 392 inhabitatam⁴⁷⁹
488 331 581 410 Praga
614 327 849 392 commutarem?
895 330 973 392 lstae
1005 340 1101 392 tamen

86 424 280 501 cogitationes
308 439 391 482 meae
419 440 480 481 uon
508 428 578 481 suut
604 423 692 501 tanti,
720 428 753 480 ut
781 419 906 481 meliora
933 428 1100 482 monentem

85 510 179 591 Ampl.
208 510 342 571 Vestram
374 511 478 570 audire
510 528 660 590 recusem,
693 511 765 588 quin
798 509 894 571 adhuc
922 508 1047 570 Vestrae
1072 510 1099 569 l.

86 600 210 661 arbitrio
238 607 268 660 et
296 599 420 660 consilio
443 617 491 659 me
514 606 610 660 totum
632 601 682 659 hic
704 600 854 678 permitto.
901 598 1007 659 Vester
1032 617 1099 678 sum,

86 707 202 770 sequar,
227 707 285 768 quo
309 688 477 749 consultum
501 687 690 768 iudicabitur,
713 687 801 747 modo
825 695 964 766 sumptus
987 690 1098 748 itineris

86 798 121 839 eo
150 778 278 838 faciendi
306 785 336 838 et
362 796 445 838 mora
467 795 629 855 paucarum
653 778 899 857 septimanarum,
927 779 1009 837 intra
1032 794 1099 856 quas

86 868 205 928 affinem
224 885 332 928 meum
359 885 428 927 cum
455 868 585 926 nummis
611 872 642 925 et
665 864 773 926 litteris
797 865 1032 927 domesticorum
1055 885 1097 926 en-

85 964 182 1038 pecto‚
200 956 275 1016 mihi
294 975 309 1016 a
328 955 446 1034 Magnis.
465 954 519 1015 Dn.
537 954 712 1015 Consiliario
728 954 810 1015 Caes.
830 973 890 1015 non
909 955 1095 1034 denegentur.

85 1045 158 1107 Utut
189 1064 239 1106 res
272 1045 370 1105 divina
402 1044 579 1122 disponente
606 1043 792 1122 providentia
820 1042 940 1124 cadant,
973 1043 1094 1105 manebit

101 1153 167 1196 rure

86 1127 99 1218 l
168 1128 182 1217 l
656 1221 713 1282 alta
736 1229 836 1282 mente
859 1229 1015 1301 repostum

176 1310 322 1371 ludicium
345 1309 443 1389 Magni
466 1318 553 1389 atque
577 1310 650 1371 haec
673 1316 754 1371 tauta
776 1310 905 1371 volentia
929 1309 1023 1371 Remi.

87 1489 142 1550 Cui
170 1487 279 1549 debere
307 1506 370 1569 me,
402 1505 467 1549 mea
496 1490 594 1548 omnia
625 1506 686 1549 non
713 1491 773 1548 uisi
805 1507 874 1550 cum
901 1490 962 1548 vita
985 1491 1047 1567 ipsa
1065 1485 1089 1545 L.

86 1578 117 1639 V.
141 1579 174 1649 Q.
203 1574 360 1639 desinam'
392 1576 461 1637 Vale
490 1584 520 1637 et
547 1576 640 1656 salve,
666 1577 718 1636 Vir
745 1576 950 1658 Amplissime,
977 1577 1088 1637 Patrone

87 1668 217 1749 Summe,
240 1669 331 1727 immo
355 1666 466 1727 Parens
487 1666 664 1727 venerande.

131 1791 201 1853 oab.
225 1790 502 1872 Heidelbergae,
526 1787 577 1851 23.
602 1789 691 1869 April.
716 1808 759 1850 ao.
784 1810 809 1867 o.
833 1809 856 1850 r.
882 1787 979 1854 1618.

352 1961 381 1975 ..
405 1914 591 1976 Hermann.
614 1915 827 1994 Thedering.
851 1914 1053 1977 [tantiscanus.

148 2110 290 2172 Rescribo
299 2109 452 2170 AVestrae
464 2110 588 2172 salutem
599 2130 615 2172 a
625 2110 768 2191 salutatis,
782 2118 993 2191 praeterquam
1003 2107 1087 2172 alil).

85 2199 203 2281 Dionys.
223 2198 413 2280 Gothosredo‚
437 2202 488 2278 qui
511 2207 592 2260 recta
615 2219 631 2260 a
650 2199 792 2261 nundinis
810 2199 996 2263 Francolurt.
1014 2199 1086 2261 Lute-

85 2292 157 2351 tiam
180 2291 332 2369 prolectus
356 2296 408 2349 est.
454 2288 596 2350 Eiusdem
619 2288 650 2349 F.
673 2288 797 2349 lacobus
819 2306 960 2350 reversus
984 2289 1087 2370 quidem

86 2398 196 2459 paucos
220 2378 315 2440 adhuc
338 2378 403 2438 dies
427 2377 582 2438 uobiscum
606 2381 712 2458 exegit,
737 2377 788 2438 sed
812 2385 992 2440 tamennon
1010 2375 1087 2440 multo

85 2475 154 2546 post
176 2466 323 2528 Geuevam
352 2469 513 2546 concessit,
541 2473 575 2526 ut
602 2485 656 2527 suo
684 2466 793 2527 Theod.
818 2461 936 2528 Cod.4⁸⁰
962 2467 1087 2529 idoneum

85 2556 301 2635 typographum
321 2563 450 2634 quaerat.
488 2555 630 2635 Princeps
648 2562 752 2616 noster
771 2555 882 2616 elector
899 2555 1088 2619 Heilhrumae

86 2646 117 2704 in
150 2651 296 2705 conventu
326 2645 496 2722 principum
525 2645 613 2705 modo
642 2647 715 2725 agit,
747 2644 817 2704 inde
845 2644 1039 2724 Ratispouam
1062 2639 1088 2704 al

86 2735 206 2795 comitia
234 2739 378 2794 moturus.
425 2732 457 2794 Si
485 2733 638 2794 literarum
662 2750 808 2814 mearum,
837 2733 947 2812 quihus
970 2735 1089 2798 volunta·

85 2831 147 2885 tem
169 2841 266 2884 meam
290 2824 406 2903 aperio,
434 2822 470 2882 ad
495 2823 628 2883 futurum
651 2823 850 2883 Maecenatem
873 2827 1089 2886 transmissione

86 2931 161 2992 opus
185 2911 283 2993 luerit,
307 2911 385 2991 quod
409 2911 487 2971 haud
512 2911 638 2972 obscure
662 2930 698 2972 ex
721 2913 892 2972 novissimis
905 2912 1023 2975 Vestris
1043 2908 1090 2973 col·

85 3001 153 3083 ligo,
177 3020 246 3062 eece
269 3001 318 3061 hic
341 2999 471 3061 inclusas
495 2999 567 3061 alias
589 3008 619 3061 et
637 2999 696 3062 loci
714 3007 744 3061 et
762 2999 916 3079 religionis
935 3001 1092 3081 periculosa

85 3093 236 3152 mentione
258 3097 401 3151 carentes.
438 3088 479 3149 lle
500 3089 608 3167 quibus
629 3089 770 3169 quicquid
784 3090 815 3149 Α.
826 3088 857 3150 V.
874 3090 1093 3173 εῐαῑιιθῐὶῑ,1ιε.

86 3181 148 3239 sive
172 3181 373 3240 transmiserit
397 3181 458 3239 sire
478 3177 542 3238 Sibi
562 3181 729 3259 retinuerit,
752 3178 832 3238 idem
852 3185 882 3239 et
899 3179 976 3240 mihi
995 3178 1089 3260 proba·

85 3264 175 3327 bitur.
225 3267 315 3328 Doleo
353 3266 491 3346 equidem
525 3285 573 3328 me
605 3269 758 3346 negotium
789 3267 872 3328 hisce
904 3267 937 3329 Α.
971 3269 1003 3330 V.
1036 3268 1095 3350 plus

85 3356 158 3415 satis
187 3362 347 3433 occupatae
374 3358 470 3416 maius
498 3356 660 3438 facessere,
688 3356 741 3417 sed
769 3355 854 3418 aliter
881 3358 940 3418 ista
968 3356 1098 3438 expediri

71 3450 239 3523 nequeunt.
