2370 3840
510 172 649 242 epistolae
1025 171 1085 233 111

70 332 100 386 et
123 323 302 384 DoctIssime
326 322 379 383 1111.
403 321 531 402 Nicolae,
554 324 647 382 amice
673 323 792 401 optime,
815 321 892 400 apud
912 321 1089 399 Regiomou-

69 423 158 474 tanos
182 418 301 473 nostros
326 414 503 472 commorari
526 413 635 490 accepi,
660 413 777 490 saepius
800 413 832 471 in
855 418 985 470 mentem
1008 413 1089 471 venit

69 511 174 583 optare
203 501 244 561 Te
274 500 385 561 ibidem
412 501 513 561 videre
542 506 573 560 01
601 499 724 581 alloqui,
753 518 810 578 quo
834 502 944 559 veteris
967 507 1087 560 nostrae

69 592 293 653 coniunctionis
321 589 472 651 vinculum
495 589 592 649 denuo
616 591 702 668 quasi
724 590 894 648 firmaretur
917 591 1087 667 arctiusque

70 682 337 758 constringeretur.
383 679 442 740 Sed
474 680 564 739 variis
596 677 724 758 publicis
752 680 935 757 privatisque
962 677 1087 755 impedi-

69 771 181 831 mentis
209 769 353 828 hactenus
377 768 501 829 obiectis
524 767 715 847 praepeditus
739 767 888 827 desiderio
912 786 977 827 meo
1002 769 1087 826 satis-

69 861 168 921 facere
198 876 257 918 non
285 859 382 939 potui,
409 857 482 918 adeo
506 857 680 917 ut'tandem
703 856 811 917 litteris
834 856 870 916 ad
894 857 934 916 Te
958 857 1087 915 invisere

70 951 169 1011 visum
192 946 296 1027 fuerit,
323 966 391 1007 cum
414 965 538 1025 corpore
562 946 694 1007 nondum
717 945 812 1006 liceat.
858 945 921 1016 Qua
944 945 1087 1005 hactenus

71 1039 191 1099 fortuna
215 1043 245 1096 et
267 1054 369 1096 rerum
393 1054 534 1096 successu
556 1054 629 1095 usus
653 1038 704 1115 sis,
727 1037 804 1095 scire
828 1036 931 1113 gestio.
973 1034 1017 1094 Ex
1039 1052 1087 1093 me

72 1129 96 1187 si
120 1127 203 1187 idem
226 1136 360 1207 quaeras,
382 1127 423 1186 ita
446 1124 535 1185 habe:
561 1143 609 1184 me
632 1124 757 1185 lustrata
780 1143 848 1185 eum
871 1123 1010 1184 Nobiliss.
1034 1122 1087 1184 Dn.

71 1216 171 1276 Marco
195 1233 212 1275 a
234 1213 400 1294 Rehlingeu
424 1216 562 1275 universa
586 1212 678 1274 Gallia
701 1213 863 1292 Augustam
882 1213 996 1274 Vindel.
1020 1214 1088 1273 red·

71 1308 142 1366 iisse
167 1311 198 1364 et
220 1305 278 1363 iam
301 1311 365 1365 tum
388 1303 518 1365 reditum
541 1306 573 1364 111
596 1304 722 1382 patriam
747 1306 938 1385 cogitantem,
966 1305 1088 1363 fratrem

72 1386 384 1472 111111111100131111111501
408 1392 482 1453 mihi
506 1387 750 1453 substituiss0502.
789 1393 846 1453 Sed
871 1400 948 1453 statu
968 1393 1104 1457 Germa.

71 1486 138 1544 niae
162 1489 227 1543 tum
250 1482 345 1543 adhuc
368 1481 452 1542 valde
475 1482 594 1543 turbato
617 1500 673 1542 nec
696 1480 756 1541 ulla
779 1484 907 1563 viarum,
935 1501 989 1560 per
1015 1500 1088 1560 quas

73 1572 204 1634 eundum
219 1578 292 1652 erat,
309 1573 468 1632 securitate
483 1578 652 1650 apparente,
666 1573 794 1648 tempori
808 1573 953 1631 inservire
969 1577 1088 1631 coactus

73 1665 102 1723 iu
121 1661 237 1721 ltaliam
254 1668 377 1739 rogante
396 1663 438 1721 ita
455 1660 573 1738 Magnis.
593 1658 664 1719 Duo.
683 1658 852 1719 Maecenate
877 1661 1005 1739 excurri,
1028 1677 1089 1718 non

72 1759 104 1812 ut
121 1749 166 1811 ibi
185 1749 237 1810 diu
256 1749 460 1830 subsisterem,
479 1749 530 1809 sed
547 1751 656 1809 amicos
672 1755 787 1809 veteres
803 1748 907 1808 saltem
922 1750 1089 1827 comitarer,

73 1841 166 1901 donec
199 1840 271 1904 visis
298 1838 465 1918 potioribus
493 1838 594 1899 ltaliae
622 1837 747 1898 urbibus
775 1838 904 1899 reditum
933 1838 968 1898 ad
996 1855 1089 1918 meoS,

73 1946 249 2009 quacunque
277 1932 406 2009 pate'ret,
433 1935 623 1988 maturarem.
670 1927 728 1988 Sed
752 1946 821 1988 eece
845 1930 894 1988 vix
919 1929 995 1988 Pisis
1020 1926 1088 1988 sub-

73 2017 245 2080 sederamus
275 2024 306 2077 01
332 2016 409 2078 male
437 2018 524 2078 fratri
551 2023 602 2077 tuo
631 2036 698 2077 cum
727 2036 795 2078 aere
824 2025 853 2077 et
881 2021 960 2079 victu
987 2017 1088 2078 ltalico

72 2108 231 2169 convenire
251 2108 357 2185 coepit.
394 2106 491 2178 Quare
510 2105 644 2166 lustratis
663 2107 852 2185 postmodum
872 2108 967 2167 adhuc
983 2106 1089 2187 Lucra,

72 2196 158 2257 Senis
188 2202 219 2256 et
240 2194 333 2256 Roma
360 2195 482 2256 domum
510 2197 575 2274 ipse
603 2205 739 2274 repetere
769 2197 911 2276 instituit3
940 2215 994 2274 ego
1018 2214 1088 2255 1010

70 2287 187 2346 exitum
209 2284 278 2345 inde
302 2286 334 2344 in
352 2283 525 2345 Borussiam
547 2303 602 2364 per
626 2286 812 2363 superiorem
831 2284 1019 2344 Germaniam
1043 2302 1089 2342 se-

69 2391 178 2436 curum
201 2373 316 2434 nullum
338 2373 451 2434 habens
474 2376 593 2453 perrexi
616 2373 785 2434 lustrandae
809 2375 965 2433 universae
988 2372 1089 2432 ltaliae

67 2464 205 2543 reliquos
233 2461 268 2523 ab
297 2465 362 2524 eius
389 2462 525 2524 discessu
552 2481 671 2522 menses
699 2461 832 2522 tribuere
861 2465 963 2542 sieque
992 2462 1088 2522 denuo

66 2556 234 2632 augustam
271 2554 425 2631 superiore
464 2558 574 2612 aestate
611 2552 696 2611 redii.
746 2551 850 2631 Magno
883 2552 945 2613 illic
977 2553 1089 2612 honore

66 2643 209 2722 allectus,
237 2641 451 2702 humanissime
481 2640 599 2701 habitus
623 2648 745 2713 etcum
769 2646 984 2703 contestatione
1010 2660 1090 2702 sum·

64 2749 136 2792 mae
161 2729 383 2790 benevolentiae
407 2730 527 2790 taudem
551 2730 693 2791 dimissus
718 2731 753 2790 ad
773 2731 1008 2810 Noribergenses
1033 2733 1090 2790 iter

66 2821 202 2900 institui,
229 2819 299 2880 iude
327 2818 555 2880 Francolurtum
579 2820 614 2879 ad
637 2819 775 2880 Moenum
798 2840 846 2880 me
870 2820 995 2899 contuli,
1023 2825 1090 2896 post

67 2910 206 2970 lustratis
230 2907 426 2968 nobilioribus
447 2908 482 2968 ad
501 2908 638 2969 Rhenum
657 2908 783 2970 urbibus
803 2917 832 2970 01
850 2907 1090 2989 propugnaculis,

69 2997 216 3080 Gelriam,
247 2999 379 3076 potiores
406 2997 501 3075 Belgii
528 3000 710 3079 provincias,
743 3005 899 3076 utramque
928 2998 1090 3076 Phrysiam,

71 3087 108 3147 ad
131 3087 206 3147 haec
229 3089 387 3166 primarias
407 3089 540 3147 civitates
560 3089 730 3147 Anseaticas
750 3089 781 3146 in
800 3088 942 3147 inferiore
963 3087 1090 3146 Saxonia

71 3176 141 3257 adii,
161 3174 269 3254 quihus
289 3175 427 3237 omnibus
447 3183 589 3255 quantum
609 3175 773 3236 sufficiebat
791 3178 864 3236 visis
881 3176 1090 3236 consideratis-

73 3283 130 3343 que
162 3283 217 3344 per
249 3264 454 3326 Pomeraniam
488 3265 586 3325 salvus
619 3265 738 3325 tandem
770 3274 800 3326 et
832 3266 989 3326 incolumis
1023 3273 1090 3325 anto

72 3352 216 3414 bimestre
239 3356 361 3415 circiter
383 3354 441 3416 huc
465 3374 532 3415 sum
556 3353 679 3434 delatus,
703 3353 755 3414 ubi
775 3355 891 3415 caelebs
910 3355 1006 3417 adhuc
1025 3358 1090 3415 1110

75 3449 104 3502 01
121 3445 264 3524 privatus,
288 3462 346 3522 quo
365 3442 501 3523 publicas
520 3443 586 3504 illas
605 3451 636 3504 et
653 3445 787 3524 priuatas
804 3445 1007 3522 calamitosas,
1024 3461 1105 3516 opas

74 3549 120 3590 me
141 3540 213 3609 post
239 3533 433 3595 decennalem
464 3534 637 3599 absentiam
664 3555 780 3620 magno
802 3553 940 3598 numero
955 3532 1019 3588 1110
1041 3538 1132 3581 0100-
