2370 3840
134 169 179 234 42
564 172 586 225 Ι.
606 169 719 238 Grutori

134 341 194 382 non
213 322 336 402 possim,
355 322 428 399 quin
446 321 505 399 ipsi
523 321 618 380 inviso
638 321 739 399 ignoto
757 321 851 383 multo
870 324 1016 384 maximas
1031 324 1157 387 habeam

136 413 245 490 gratias
269 416 299 470 et
322 412 421 470 omnia
443 427 510 469 mea
533 409 664 470 adferam
686 409 780 471 ultro:
803 413 966 473 amicitiam
989 421 1074 476 certe
1093 424 1155 476 tau·

134 508 198 561 tum
216 518 277 560 nou
296 501 466 578 impingam.
503 497 605 577 ltaque
625 500 837 561 amicissimam
856 500 901 561 illi
918 520 935 563 a
954 521 1004 563 me
1020 502 1153 565 salutem.

136 589 179 650 Ita
198 608 272 651 sum.
311 587 486 666 Quicunque
506 586 661 648 Donellum
679 596 787 670 amant,
807 598 1038 670 praeceptorem
1056 611 1152 654 meum

134 681 289 759 septennio
322 683 398 757 toto,
430 679 474 737 eis
505 694 559 755 ego
589 676 707 755 quidvis
731 677 844 739 ‘debere
871 687 945 758 puto
974 688 1005 742 et
1034 682 1150 762 quidem

133 769 344 829 meritissimis.
382 765 470 826 Vides
489 765 685 845 rhapsodiam.
724 767 782 828 Sed
800 766 888 829 aliter
905 786 967 830 non
986 771 1149 849 procedunt

132 860 264 936 paginae.
315 855 425 915 Verum
456 857 515 914 iam
547 854 667 915 taudem
700 863 731 917 et
761 863 795 917 tu
826 859 892 918 vive
924 864 956 919 et
986 859 1054 921 vale
1086 877 1146 921 cum

133 965 235 1028 uxore,
258 964 326 1006 cnm
349 943 463 1026 liberis,
487 961 554 1004 curn
576 942 678 1004 Musis.

132 1051 451 1201 Mthpligelhergae,
484 1067 551 1110 meo
579 1068 662 1111 more
690 1051 887 1134 praefestine,
914 1052 965 1115 die
993 1051 1048 1116 27.
1072 1054 1144 1134 Sept.

359 1245 441 1306 Tuus
463 1253 544 1306 totus
568 1246 595 1306 si
617 1245 706 1307 modo
730 1265 803 1308 suus
825 1246 894 1309 lan.
919 1246 1104 1312 Gruterus.

337 1504 387 1575 33.
419 1508 446 1574 1.
471 1506 630 1575 Gruterus
655 1508 685 1576 G.
708 1508 942 1578 Rittershusio.

130 1632 397 1701 Heidelbergae.
914 1638 956 1689 12.
975 1632 1051 1691 Nor.
1071 1639 1142 1690 1593.

199 1747 227 1807 S.
246 1746 278 1806 P.
315 1746 416 1805 Amice
440 1741 569 1804 summe!
601 1743 662 1805 Has
686 1763 776 1806 exaro
799 1748 1009 1825 tempestivam
1028 1748 1144 1827 quidem

101 1911 103 1914 y
130 1844 243 1916 nactus,
265 1833 317 1894 sed
337 1836 473 1893 citiorem
492 1836 743 1912 opportunitatem
763 1852 851 1913 quam
869 1842 920 1896 aut
938 1853 994 1914 ego
1013 1836 1144 1899 volebam

130 1932 181 1984 aut
207 1931 275 1983 tuae
303 1922 494 1981 merebantur
522 1921 648 1983 litterae.
694 1922 772 2002 Ergo
803 1926 944 2003 quoniam
972 1924 1061 1987 aliter
1087 1944 1144 1988 non

130 2011 212 2094 licet,
245 2012 288 2071 sic
320 2010 396 2071 habe
428 2010 464 2072 ad
496 2018 577 2093 tuas,
608 2011 700 2072 rerho
733 2031 801 2074 uno.
847 2012 1041 2076 Gratissimas
1073 2015 1143 2078 mihi

129 2108 296 2180 postremas
317 2107 394 2181 tuas,
417 2102 616 2178 gratissimam
639 2103 867 2181 inscriptionem
889 2101 1022 2185 Queroli,
1047 2107 1075 2166 si
1097 2123 1143 2166 ex-

130 2192 222 2270 cipias
249 2188 352 2250 laudes
379 2208 475 2270 meas,
503 2188 612 2268 quihus
639 2193 730 2251 nimis
753 2190 891 2252 inhaeres
915 2193 1061 2254 amiciter.
1105 2193 1143 2255 lis

129 2287 228 2341 tamen
251 2279 327 2341 nihil
349 2283 488 2360 immuto,
510 2286 544 2338 ut
568 2281 594 2338 si
617 2278 691 2339 nulli
714 2279 789 2341 aliae
812 2281 858 2341 rei
879 2283 1011 2362 prosint,
1035 2285 1142 2344 amoris

128 2373 173 2430 tui
204 2370 351 2449 liquidum
384 2376 486 2430 extent
517 2370 730 2430 testimonium.
776 2367 938 2440 Querolum
970 2372 1072 2449 ipsum
1102 2374 1143 2433 uti

127 2458 212 2518 brevi
234 2461 379 2539 mitteres,
402 2459 484 2537 cupit
503 2459 623 2517 omnino
643 2456 852 2518 Commelinus.
890 2458 948 2530 Qui
966 2458 1021 2520 has
1041 2461 1144 2540 adfert,

128 2546 352 2606 commoditates
374 2547 431 2608 tihi
454 2547 621 2624 significare
642 2549 761 2628 poterit,
783 2546 931 2627 Principis
954 2552 1053 2610 nostri
1077 2569 1143 2612 con-

129 2636 259 2696 siliarios
282 2637 405 2696 intimus
429 2642 459 2695 et
481 2635 555 2695 mihi
578 2638 666 2696 unice
689 2654 776 2696 carus
799 2635 832 2696 D.
851 2635 1143 2720 Lingelshemius¹⁹²,

127 2747 143 2788 a
167 2745 226 2805 quo
250 2728 310 2786 iam
333 2725 421 2787 modo
445 2723 596 2802 digredior
619 2744 636 2785 e
658 2725 783 2804 prandio
806 2724 839 2786 D.
862 2725 1016 2806 Hyppoliti
1039 2747 1057 2789 a
1081 2728 1143 2791 Col·

125 2809 249 2878 lihus¹⁹³
280 2815 427 2895 praesidis
456 2816 565 2894 nostri,
598 2814 650 2874 uhi
678 2820 708 2874 et
736 2814 859 2875 aderant
885 2817 981 2876 vocati
1010 2816 1144 2880 literatae

126 2907 170 2967 illi
199 2905 364 2967 nobilitatis
392 2923 408 2964 a
435 2902 558 2963 Plessen
586 2911 616 2963 et
643 2902 760 2964 Suerin.
806 2903 847 2964 De
873 2903 1006 2965 Taurelli
1033 2906 1142 2969 emble·

125 2997 254 3057 matihus
274 3003 390 3074 gratum
408 2992 465 3053 suit
484 2992 586 3052 auditu
605 2994 718 3052 versari
735 3011 769 3053 ea
784 2995 863 3053 circa
877 3011 1017 3072 unguem.
1055 2994 1159 3058 Facio·

125 3096 191 3146 vota
218 3083 325 3145 Famae
354 3090 384 3144 et
411 3082 512 3142 Annae
540 3080 691 3142 Perennae
719 3081 883 3143 eorundem
911 3101 1009 3144 causa.
1056 3084 1169 3146 Dedi.

126 3175 285 3254 nationem,
307 3175 354 3234 uti
376 3171 475 3253 decet,
498 3172 618 3231 tacitam
640 3169 764 3231 haheho.
808 3170 844 3231 Ei
867 3190 884 3231 a
907 3189 956 3232 me
978 3191 1036 3251 per
1060 3193 1142 3236 oeca-

126 3263 240 3321 sionem
263 3261 302 3341 pl.
326 3261 459 3323 salutem.
505 3260 657 3338 Elegantia
680 3261 721 3320 sit
744 3267 861 3339 oportet
884 3262 1013 3343 ingenii,
1037 3266 1143 3342 quiet

124 3349 198 3409 haec
229 3349 299 3410 talia
330 3353 363 3410 iu
396 3348 582 3428 professione
614 3355 675 3408 tam
706 3343 880 3410 horrida¹⁹⁴.
927 3349 1009 3421 Quae
1041 3359 1078 3414 tu
1108 3353 1141 3414 ad

114 3437 267 3520 Plautum,
297 3454 425 3520 quaeso,
452 3455 507 3519 per
526 3440 626 3501 ,otium
645 3445 682 3499 ut
701 3456 791 3516 pares
813 3446 845 3498 et
866 3457 970 3520 ornes3
993 3459 1065 3502 uam
1090 3461 1142 3522 ego

96 3527 162 3584 iam
193 3533 279 3592 totus
302 3548 374 3593 sum
400 3530 435 3591 in
460 3527 596 3611 Seneca,
624 3529 678 3608 qni
702 3526 848 3587 cachinni
865 3526 932 3583 iero
952 3535 1081 3600 spernat.
1114 3532 1156 3591 hx
