2370 3840
511 175 648 248 epistolae
1043 174 1086 240 63

67 329 187 389 eveniat
216 327 264 387 his
293 325 395 387 multis
426 329 511 388 annis
540 324 698 407 proximis!
744 326 829 397 Quod
859 326 895 386 de
927 324 1086 386 Gotolredo

66 415 211 478 monebas
234 418 395 495 postremis
418 415 527 497 literiS,
559 434 597 476 ne
620 410 813 498 cederem*),
844 415 949 475 faciam
977 414 1087 495 hercle,

67 508 162 566 immo
185 523 255 565 cum
273 504 404 584 alioquin
428 505 628 566 decrevissem
646 505 738 585 abire,
761 505 828 565 ideo
847 522 907 564 non
927 502 1023 584 abibo,
1046 522 1084 564 ne

62 601 153 674 putet
169 595 286 672 fugasse
305 611 353 654 me
373 595 621 673 quemadmodum
643 593 760 654 leonem
779 593 956 672 Aesopicum
974 595 1084 654 asinus.

64 683 213 745 Convenit
240 689 339 742 tamen
367 683 505 744 omnibus
533 683 630 744 modis
657 685 737 744 inter
764 676 871 743 nos³⁰¹.
917 681 979 742 Nec
1004 689 1084 741 certe

63 771 181 851 aliquid
205 769 332 851 amplius
355 774 387 832 in
411 774 510 852 ipsum
532 791 661 854 possem,
684 771 754 833 licet
776 770 892 852 vellem,
915 778 944 831 61
967 777 1000 831 ut
1023 769 1083 830 vel-

61 860 135 943 lem,
159 880 219 921 non
242 857 347 922 liceret
369 861 502 941 prolecto
526 881 580 941 per
603 863 668 922 eius
692 862 907 942 auctoritatem,
930 879 988 940 qua
1007 860 1084 938 apud

61 959 188 1012 nostros
207 949 293 1031 valet,
312 951 376 1029 ipse
396 950 511 1012 scilicet
528 952 731 1030 professorum
750 950 837 1029 longe
854 952 1011 1030 maximus,
1030 967 1085 1027 ego

61 1058 136 1101 vero
161 1041 316 1120 minimuS,
345 1045 426 1100 certe
453 1038 518 1101 loco
546 1040 678 1101 ultimus
723 1039 832 1100 Verum
857 1040 928 1118 quid
950 1039 1023 1099 haec
1047 1038 1083 1098 ad

61 1128 233 1208 epistolam.
278 1127 347 1188 Vale
371 1130 472 1207 potius
495 1137 526 1190 et
548 1133 626 1210 vive,
649 1131 692 1189 mi
714 1129 909 1210 Rittershusi,
932 1145 1000 1189 cum
1023 1129 1084 1187 tuis

60 1235 182 1278 memor
204 1218 274 1298 mei,
298 1218 360 1277 sive
386 1235 447 1300 ero,
471 1219 549 1297 quod
573 1220 670 1301 cupio,
694 1220 754 1278 sive
774 1236 835 1299 ero,
859 1218 938 1297 quod
958 1235 1084 1277 mereor.

106 1335 360 1402 Franclurti³⁰²
382 1345 500 1424 raptim,
524 1343 572 1404 die
596 1340 648 1405 21.
668 1329 747 1423 Sept.
770 1340 866 1407 1600.

268 1619 320 1690 50.
352 1621 379 1689 Ι.
403 1621 564 1690 Gruterus
588 1622 619 1690 0.
642 1621 876 1690 Rittershusio.

60 1743 327 1814 Heidelbergae.
867 1743 981 1798 111611.
1003 1747 1079 1823 1601.

131 1839 160 1900 S.
179 1838 221 1921 P,
243 1839 295 1899 Vir
314 1838 495 1921 clarissime,
518 1847 548 1900 et
571 1859 642 1921 cape
666 1848 766 1901 votum
789 1840 878 1900 huius
900 1841 970 1900 anni
987 1838 1080 1917 pluri-

60 1948 174 2008 umque
190 1931 379 2008 sequentium
392 1929 463 1989 felix
477 1930 675 2012 faustumque,
694 1931 773 2009 quod
788 1929 932 2009 approbet
950 1935 1080 1988 eventus.

60 2017 152 2078 Binas
175 2024 242 2078 tuas
265 2017 346 2078 nullo
370 2019 433 2078 1616
458 2018 612 2080 intervallo
636 2022 750 2101 recepi,
773 2022 863 2080 etiarn
885 2020 990 2079 tertias
1013 2025 1080 2078 ante

61 2107 176 2186 aliquot
202 2125 330 2167 menses.
377 2105 523 2169 Omnibus
555 2108 649 2169 debeo
682 2126 868 2189 responsum.
915 2107 973 2168 Sed
1006 2105 1079 2166 nihil

60 2204 162 2256 tamen
189 2196 303 2256 referes
334 2204 456 2275 praeter
487 2196 599 2258 isthaec
626 2198 752 2277 paucula
785 2197 820 2258 ab
850 2203 991 2276 occupato
1020 2212 1080 2255 non

59 2283 153 2346 rebus
176 2286 277 2366 seriis,
308 2284 360 2345 sed
388 2288 476 2364 nugis
498 2285 652 2368 plurimis,
676 2286 785 2365 quibus
809 2286 921 2364 gaudeo
945 2291 975 2343 et
996 2283 1080 2362 plau-

60 2374 117 2435 deo
142 2375 174 2433 in
201 2373 256 2434 hac
279 2374 422 2435 viduitate
450 2375 513 2435 vale
542 2376 628 2437 lactis
659 2375 831 2436 serioribus
877 2373 914 2433 Et
937 2372 1081 2450 Scaligeri

60 2462 164 2523 literas
192 2469 273 2523 recte
301 2465 453 2542 recepisse
482 2458 628 2525 laet0r³⁰³.
674 2464 781 2525 Laetor
808 2464 897 2523 etiarn
922 2462 959 2522 ob
982 2469 1078 2522 trans-

61 2554 154 2612 missa
178 2548 228 2611 illa
246 2552 278 2612 in
297 2546 498 2636 Ortelinmlffl,
522 2572 597 2633 quae
616 2555 675 2614 iam
693 2573 773 2615 nunc
793 2560 870 2635 sunt,
894 2571 991 2633 spero,
1009 2551 1079 2612 Ant-

60 2643 190 2721 verpiae.
228 2638 272 2700 Ob
296 2660 331 2702 ea
355 2659 410 2720 ego
433 2641 489 2702 tibi
512 2651 542 2704 et
565 2643 706 2725 symbolis
729 2646 789 2704 tuis
810 2642 902 2703 multo
921 2644 1079 2702 maximam

61 2748 116 2809 ago
145 2729 300 2809 habeoque
332 2732 458 2809 gratiam
485 2731 531 2791 vel
559 2730 665 2792 0116111
692 2735 820 2793 nomine.
866 2731 1079 2809 Inscriptiones
1109 2803 1113 2812 ι

59 2826 181 2880 nostrae
214 2821 262 2879 vix
295 2819 410 2880 decima
441 2828 525 2900 parte
559 2823 606 2881 sui
632 2829 718 2882 natae
751 2829 829 2882 sunt.
874 2820 969 2880 Erunt
999 2820 1078 2877 enim

59 2927 136 2988 opus
158 2910 266 2988 ingens
289 2916 319 2970 et
342 2909 524 2971 florenorum
552 2913 637 2989 quasi
665 2910 724 2972 XV.
743 2909 948 2971 Onosandrina
976 2913 1077 2967 nostra

57 2997 156 3058 adhuc
188 3015 282 3077 penes
313 2991 416 3059 me³⁰⁵.
476 2999 550 3060 Cum
584 3001 664 3060 enim
696 2999 895 3080 typographus
928 2996 978 3056 illa
1010 3002 1077 3055 ante

57 3104 170 3146 annum
193 3104 254 3146 non
277 3087 445 3169 excuderit,
475 3088 568 3167 pudet
590 3107 670 3149 nunc
697 3089 817 3149 demum
840 3088 976 3147 emittere
999 3083 1077 3145 talia.

56 3174 162 3254 ltaque
186 3174 263 3236 inibi
286 3194 361 3258 sum,
384 3185 418 3238 ut
440 3195 563 3256 augeam
582 3185 612 3238 et
631 3175 906 3238 dissertatiunculas
925 3176 1010 3254 quasi
1033 3177 1078 3234 in-

56 3266 191 3345 stituam,
210 3265 365 3326 discursus
383 3273 489 3326 vocant
507 3265 573 3327 Itali
592 3265 735 3345 Gallique.
767 3265 801 3326 ln
820 3267 864 3325 eis
883 3283 963 3326 nunc
982 3283 1078 3343 nugor

54 3353 198 3433 ludoque.
244 3352 354 3424 Quidni
387 3357 467 3415 enim
499 3355 530 3415 id
562 3358 603 3416 ita
635 3357 870 3435 interpretentur
901 3355 1015 3434 politici
1044 3372 1077 3413 ac

125 3546 151 3610 ²)
167 3542 231 3598 Ood.
253 3544 393 3602 crederem.
