2370 3840
93 148 96 153 Α
114 170 157 236 98
507 167 542 221 Η.
562 165 735 236 Thederingi

117 319 215 379 ssictae
248 319 342 377 menti
373 323 526 395 praestant
558 324 588 376 et
619 317 651 376 A.
674 316 706 376 V.
739 318 846 376 maiori
874 319 964 376 etiam
997 319 1081 396 eopia
1108 324 1136 377 et

116 409 248 468 efficacia
272 406 399 466 feliciori
422 408 454 466 in
477 406 563 466 horto
582 408 758 484 omnigenae
779 405 918 466 lectionis
937 413 968 466 et
987 407 1136 467 doctrinae

117 504 223 577 sponte
251 502 427 575 nascuntur,
460 498 558 554 animo
581 494 724 555 Eiusdem
752 496 879 555 firmiter
906 497 1063 577 inprimet,
1095 499 1137 556 iu-

118 592 250 666 generet,
274 582 442 645 conservet!
488 583 560 643 Mihi
582 583 669 663 plura
696 602 859 662 congerere
883 583 990 663 religio
1014 592 1074 664 est,
1102 605 1137 646 ne

118 694 179 735 non
202 683 263 735 tam
283 674 400 733 clientis
420 672 605 733 observantis
624 679 655 733 et
673 672 709 732 ab
728 673 760 734 A.
779 672 811 733 V.
830 676 1019 752 promotione
1038 676 1139 734 etiam-

116 783 188 824 num
211 763 384 842 pendentis,
418 780 506 840 qnam
534 762 570 822 de
599 761 774 822 fortitudine
804 765 895 823 animi
923 771 954 823 et
982 762 1138 824 tolerantia

114 853 256 913 Eiusdem
281 850 502 912 subdubitantis
526 869 646 911 cansam
669 852 767 929 egisse
791 852 900 913 videar.

184 941 251 1021 lpsa
283 942 403 1000 interim
436 942 485 1018 pie
519 940 657 1001 defuncta
692 942 802 1001 semina
834 940 891 1002 boc
919 961 936 1002 a
968 960 1017 1001 me
1053 961 1139 1002 ceno-

115 1030 250 1109 taphium
272 1029 393 1089 babeat:

161 1154 315 1215 Clauditur
338 1153 394 1213 hoo
418 1153 532 1214 tumulo
556 1156 656 1232 magni
678 1156 727 1233 pia
751 1161 833 1214 costa
857 1154 967 1234 Georgi

206 1242 300 1323 Remi,
323 1242 475 1303 Musarum
498 1245 643 1322 principis
667 1250 697 1303 ct
720 1243 890 1305 Themidos.

165 1330 307 1391 Eiusdem
329 1338 363 1392 nt
386 1331 470 1391 dolor
493 1332 563 1392 hinc
586 1339 673 1393 natus
698 1332 852 1393 claudatur
875 1333 982 1393 eodem

209 1419 421 1499 llordaoesque
445 1420 529 1480 brevi
552 1429 686 1500 tempore
710 1440 798 1483 curae
823 1422 939 1505 abeant,

162 1510 224 1570 Hoc
243 1509 373 1590 Themis,
391 1509 448 1569 boc
468 1509 617 1591 ChariteS‚
640 1510 741 1571 Musae
761 1529 866 1571 omnes
884 1530 957 1571 voce
976 1521 1145 1591 precantur

205 1599 278 1660 Una.
324 1599 435 1658 Eadem
459 1607 488 1659 et
511 1607 561 1659 tua
585 1618 664 1660 nunc
687 1607 763 1681 vota,
786 1602 890 1682 viator,
914 1608 1012 1662 erunt.

185 1724 265 1794 Quae
289 1732 402 1784 restant
425 1723 462 1784 de
486 1723 635 1784 celebrato
659 1726 735 1803 apud
760 1744 814 1785 nos
838 1724 978 1806 iubilaeo,
1008 1726 1047 1786 de
1079 1727 1143 1787 leli-

118 1814 239 1873 cissimo
258 1815 402 1891 principis
421 1820 540 1873 nostrae
559 1808 702 1894 partu⁴⁵⁸7
724 1814 761 1874 de
780 1814 891 1894 templo
910 1814 1142 1894 Elbingensinm

118 1904 208 1961 certis
232 1900 451 1961 conditionibus
476 1901 621 1981 Papioolis
645 1921 730 1963 cesso
754 1911 784 1964 et
803 1923 878 1982 quae
897 1904 944 1964 bis
969 1904 1143 1986 cohaerent,

117 1991 227 2068 partim
251 1989 286 2048 ab
311 1989 385 2070 aliis,
407 1993 516 2068 partim
540 2011 556 2051 a
579 2010 627 2052 me
651 2011 689 2052 m.
709 1991 832 2053 Octobri
855 1992 944 2053 credo
968 1996 1140 2074 perscripta

118 2096 192 2138 esse.
237 2077 276 2137 Et
299 2081 432 2158 quamvis
461 2098 516 2139 nec
544 2100 560 2140 a
584 2080 625 2141 Cl.
649 2080 703 2141 Dn.
726 2081 763 2142 M.
787 2081 909 2142 Rettero
939 2100 995 2142 nec
1019 2101 1037 2142 a
1063 2101 1141 2162 sym-

117 2169 253 2246 patriotis
282 2167 428 2247 Altorphii
461 2169 713 2231 commorantibus
741 2173 879 2250 responsi
909 2171 1076 2250 quidquam
1103 2172 1139 2233 ad

118 2276 199 2317 meas
232 2257 337 2318 eodem
369 2265 502 2336 tempore
535 2261 726 2319 transmissas
758 2259 892 2340 tulerim,
922 2267 1004 2320 recte
1039 2268 1140 2321 tamen

118 2347 249 2426 singulas
273 2354 390 2408 curatas
414 2347 537 2408 confido.
580 2347 665 2408 Finio
689 2351 782 2427 igitur
804 2348 853 2409 bio
877 2367 985 2429 meque
1008 2352 1139 2428 pristino

116 2435 221 2496 Vestro
246 2439 339 2496 amori
363 2443 393 2496 et
412 2437 504 2496 lavori
524 2436 715 2515 singulariter
734 2444 764 2497 et
783 2437 931 2498 submisse
950 2439 1137 2499 commendo.

184 2523 440 2605 Heidelberga‚
460 2544 496 2586 ex
511 2525 633 2587 aedibus
648 2525 730 2587 Doct.
741 2521 899 2587 lordoni⁴⁵⁹
909 2523 966 2588 lo!
985 2535 1015 2588 et
1026 2527 1094 2589 Etb.
1107 2527 1136 2587 P.

118 2611 158 2693 R,
178 2613 322 2691 postridie
337 2613 455 2674 Calend.
470 2614 584 2676 lanuar.
600 2634 642 2676 ao.
657 2634 732 2676 nove
752 2624 856 2695 coepto
874 2612 970 2698 1618,
989 2636 1061 2678 cnm
1080 2635 1135 2696 qno

118 2703 218 2763 omnia
231 2702 461 2784 lausia-solicia,
484 2706 587 2787 vitam,
610 2704 822 2786 valetudinem,
842 2713 976 2766 erectum
994 2706 1134 2767 adversus

119 2794 217 2852 omnia
240 2792 364 2852 adversa
387 2795 518 2853 animum
541 2794 572 2855 A.
597 2792 627 2855 V.
651 2813 759 2873 precor
783 2796 932 2855 animitus
979 2793 1133 2874 Largiatur

118 2881 235 2962 eadem,
263 2884 314 2961 qui
338 2881 419 2943 solus
442 2890 554 2964 potest,
582 2883 659 2944 Puer
682 2883 768 2945 nobis
796 2891 897 2964 natus,
925 2883 1013 2944 nobis
1043 2885 1131 2961 datus,

117 2969 201 3032 lesus
221 2970 357 3032 Christus
376 2971 552 3032 lmmanuell
581 2971 712 3035 Salutem
730 2972 889 3053 plurimam
908 2972 1048 3034 adscribo
1067 2972 1128 3032 lter.

117 3058 170 3120 Dn.
194 3059 231 3120 bl.
254 3055 431 3121 Rindero⁴⁶⁰
454 3070 484 3121 et
507 3061 559 3121 Du.
585 3057 811 3143 Sobenrelio⁴⁶¹,
835 3064 888 3140 qui
910 3061 1059 3123 inclusam
1082 3077 1129 3122 sno

119 3148 255 3226 epistolio
279 3150 434 3229 epistolam
456 3150 629 3212 Dantiscum
652 3170 756 3212 curare
779 3169 840 3215 non
864 3151 1043 3230 gravabitur.

355 3256 448 3335 Ampl.
474 3264 504 3317 et
527 3256 636 3318 Excell.
660 3256 782 3318 Vestrae
806 3257 900 3318 cliens
923 3257 1048 3319 devotus

634 3346 858 3408 Hermannus
881 3346 1088 3426 Tbedering.
