2370 3840
105 184 127 252 8
472 201 483 230 τ
541 186 690 258 Epistolee

107 338 248 416 integros.
287 335 320 396 Si
343 330 435 396 lrater
457 330 560 397 tuus³⁵
581 337 701 398 tandem
725 355 761 397 ex
779 339 876 416 patria
894 340 977 399 misit
995 358 1046 400 res
1065 359 1128 402 me-

106 426 234 506 tallicas,
267 444 317 486 eas
345 424 430 485 dabis
458 425 528 486 hnic
556 429 675 507 nunti03
707 429 734 486 si
762 444 822 486 non
849 429 945 507 misit,
977 446 1067 511 rogo,
1095 438 1129 491 ut

108 533 196 595 quam
219 516 351 594 primum
375 515 528 576 commode
551 518 674 595 poteriS,
697 517 784 575 istius
807 519 853 576 rei
876 519 975 596 ipsum
995 536 1128 579 commo·

106 605 246 686 nelaoias,
269 609 424 684 praeterea
446 611 481 664 ut
498 606 596 664 mittat
614 603 727 684 aliquot
746 604 859 683 lapides
878 605 985 666 violam
1003 607 1129 689 olentes,

108 695 159 774 qui
178 696 209 753 in
224 688 407 771 Calenbergo
426 686 559 753 monte³⁶
576 711 670 773 prope
690 694 831 773 oppidum
852 697 909 755 sito
924 698 1128 774 reperiuntur.

108 781 256 861 Quicquid
271 783 386 861 argenti
401 784 584 862 exposueris,
602 781 733 842 reddam.
769 782 909 845 Horstius
923 783 980 844 tibi
995 786 1128 847 ostendit

108 864 305 952 spinellam³⁷,
336 870 480 952 nicolum,
512 865 732 932 belloonlum³⁸.
779 871 859 943 Quae
888 875 1024 955 nomina,
1059 877 1128 955 quia

107 960 182 1021 mihi
214 962 314 1039 ignota
346 967 430 1041 sunt,
463 978 536 1039 quas
568 979 700 1039 gemmas
729 967 779 1021 aut
806 961 919 1041 lapides
947 963 1129 1045 significent,

108 1052 186 1110 scire
209 1067 270 1109 non
292 1067 423 1128 possum.
460 1049 502 1109 'le
526 1050 615 1110 etiam
639 1057 726 1130 atque
751 1053 841 1110 etiam
864 1069 946 1132 rogo,
968 1057 1003 1111 ut
1026 1056 1128 1114 cuius-

109 1157 166 1218 que
186 1138 326 1219 colorem,
345 1139 479 1219 figuram,
499 1141 692 1217 quantitatem
711 1157 766 1218 per
785 1142 879 1200 otium
897 1139 971 1201 mibi
985 1141 1128 1221 explices,

107 1225 170 1305 Ego
189 1226 225 1286 ad
243 1226 336 1287 multa
353 1233 383 1287 te
403 1234 480 1307 utor,
498 1226 555 1287 tibi
573 1235 676 1289 contra
695 1246 742 1288 me
762 1231 815 1309 nti,
834 1229 870 1288 ad
890 1248 966 1308 quae
986 1230 1128 1312 volueriS,

108 1314 219 1375 licebit.
256 1314 325 1375 Vale
345 1323 375 1375 et
394 1315 488 1376 saluta
506 1319 582 1377 meis
600 1316 700 1376 verbis
718 1316 880 1396 plurimum
898 1317 931 1378 D.
951 1317 1129 1402 Bomerum,

111 1403 311 1484 Badhornnm,
335 1399 576 1465 Camerarium³⁹.
621 1405 732 1466 lterum
754 1405 826 1466 vale.

155 1503 404 1595 (llempnioii),
426 1510 512 1572 XVll.
532 1510 591 1571 Cal.
611 1510 691 1591 Sept.
715 1530 792 1572 anno
811 1512 848 1572 M.
862 1512 895 1573 D.
909 1511 991 1573 XLV.

705 1617 882 1697 Georgius
906 1619 1084 1698 Agricola.

351 1805 382 1877 8.
415 1808 451 1880 G.
469 1808 628 1897 Agricola
646 1808 700 1876 W.
719 1810 881 1879 llenrero.

111 1911 314 1981 Kempnicii.
896 1921 938 1969 22.
959 1917 1026 1986 Apr.
1048 1921 1127 1973 1548.

178 2023 359 2085 ..Meurero
382 2025 503 2085 Rectori
526 2024 675 2104 Lipsiensi
690 2073 718 2086 ..
765 2026 818 2086 26.
841 2029 938 2104 April.
961 2030 1057 2090 1548.

178 2112 207 2173 S.
230 2113 263 2173 D.
286 2112 317 2174 P.
355 2114 501 2185 Quoniam
533 2132 588 2193 ego
621 2134 638 2174 a
669 2133 794 2175 munere
825 2112 1015 2199 consulari40,
1048 2119 1127 2198 qnod

111 2204 197 2264 iussu
218 2205 366 2282 principis
389 2203 464 2265 duos
487 2221 581 2264 annos
605 2205 742 2282 sustinui,
767 2203 881 2265 solutus
903 2224 938 2266 ae
956 2205 1034 2267 liber
1053 2225 1129 2288 sum,

110 2298 141 2352 et
167 2299 200 2353 tu
228 2294 288 2352 iam
315 2287 522 2371 magistratu⁴l
548 2291 595 2354 vel
622 2292 741 2353 abivisti
763 2293 810 2353 vel
833 2292 944 2375 abibis,
971 2298 1030 2356 erit
1052 2304 1129 2357 tem-

109 2383 192 2460 poris
224 2383 344 2461 utrique
377 2382 414 2444 ad
442 2384 603 2443 amicitiam
632 2380 790 2442 scribendo
818 2383 1018 2444 renovandam
1046 2388 1128 2447 satis.

111 2469 169 2529 Sed
199 2477 234 2529 ut
260 2471 379 2532 initium
407 2471 578 2550 disputandi
606 2470 725 2551 faciam,
757 2477 786 2530 te
814 2469 900 2531 libris
928 2474 1003 2533 meis
1030 2492 1130 2554 nuper

110 2557 200 2617 editis
228 2556 349 2618 donabit
376 2560 469 2619 frater
495 2578 589 2620 meus
634 2559 668 2619 ln
696 2577 785 2640 quos,
813 2558 864 2619 ubi
888 2579 939 2620 eos
962 2562 1129 2642 perlegeris

111 2644 313 2724 —perleges
340 2654 453 2729 autem,
481 2666 548 2708 cum
576 2649 635 2708 erit
662 2649 757 2708 otium
779 2681 836 2729 —,
868 2649 953 2709 dabis
981 2650 1129 2713 iudicium

110 2734 244 2815 prudens
268 2741 356 2814 atque
379 2736 522 2798 limatum.
567 2735 645 2796 Vale.

154 2840 373 2924 llempnicii,
396 2841 430 2903 X.
451 2840 511 2906 Cal.
529 2840 599 2902 Maii
622 2861 699 2902 anno
718 2842 754 2902 M.
769 2842 802 2903 D.
816 2842 938 2904 XLVlll.

707 2947 883 3028 Georgius
906 2951 1084 3028 Agricola.

348 3137 378 3207 9.
412 3138 447 3208 o.
465 3137 638 3208 Fabricius
657 3138 712 3209 W.
731 3140 891 3210 llenrero.

110 3243 257 3298 Patavii.
871 3249 913 3298 27.
933 3243 1005 3315 Aug.
1026 3250 1128 3318 (1640).

179 3355 260 3418 ..Μ.
283 3355 465 3436 Vuolfgango
488 3357 607 3418 blenrer
629 3356 784 3437 Lipsensis
807 3356 983 3418 Academiae
1008 3358 1128 3422 Decauo

110 3447 206 3506 amico
230 3462 293 3506 suo.
347 3446 377 3506 V.
402 3447 476 3508 Idus
505 3448 624 3509 Octobr.
642 3448 741 3508 1540.

161 3532 191 3592 S.
216 3532 322 3594 Pridie
352 3553 444 3616 quam
473 3543 544 3599 tuae
571 3535 650 3598 mibi
677 3543 750 3598 sunt
774 3535 928 3613 redditae,
949 3535 990 3594 ad
1010 3545 1045 3596 te
1063 3541 1132 3615 ipse
