2370 3840
113 155 159 219 52
553 153 709 209 [ernasti

119 306 259 384 principi
290 303 327 362 Ei
349 314 384 363 tn
405 313 499 383 recle,
522 306 572 381 qui
596 314 625 362 ei
643 303 718 363 illud
742 322 847 364 nerum
863 304 948 366 relut
969 324 986 366 e
1004 306 1135 368 tenebris

119 394 157 453 ad
179 393 278 452 lucem
299 391 458 471 pronubis.
498 390 689 470 Epipnuunn
709 395 846 471 proxime
869 394 1056 476 expectabis,
1078 399 1135 456 sire

119 485 179 542 erit
208 476 357 559 elegiam.
401 480 487 559 Cnsp.
514 480 658 560 Scboppii
689 481 774 541 mide
799 481 923 564 videbo,
953 483 1009 544 ubi
1040 485 1137 564 prodi·

120 565 254 631 erini²“.
289 570 392 650 lpsnm
413 578 514 629 tamen
536 572 586 629 rix
607 569 646 630 de
668 573 790 631 nomine
811 574 891 632 novi
927 571 1019 633 Novit
1040 582 1137 634 tamen

119 659 270 720 Freberm
292 668 409 738 under,
436 661 489 736 qui
514 661 548 718 in
572 658 724 719 demortui
744 654 875 719 raam
900 659 1003 722 lomim
1031 663 1137 724 substi-

119 758 222 809 inetur
252 748 337 808 brari
367 748 522 826 professor
552 747 681 808 Codicis
724 747 838 808 Vellem
868 749 971 811 berele
1005 760 1038 812 et
1068 751 1138 812 mihi

119 840 339 899 transruisisses
375 835 514 915 Capiuun
547 835 764 897 Verisimilium
797 836 918 898 illorum
953 834 1137 902 marcenii.

121 927 246 987 Possem
267 930 349 986 enim
371 925 458 985 facile
480 944 518 985 eu
540 944 641 1004 ungue
659 925 787 987 leonum
818 926 853 987 Si
868 935 970 988 lamen
988 931 1138 1009 integrum

120 1026 180 1095 esi,
211 1033 300 1075 moue
327 1034 412 1095 eum,
442 1033 482 1074 ne
509 1014 582 1093 quid
608 1017 695 1095 silet,
726 1015 854 1076 silone
876 1016 950 1095 quid
972 1018 1094 1100 citabit,
1123 1037 1138 1079 e

120 1104 230 1165 libellis
251 1107 328 1164 meis
346 1104 566 1183 suspicionum
602 1103 676 1163 Tam
697 1103 792 1164 multa
813 1106 897 1165 euim
917 1108 951 1166 in
972 1108 1014 1168 iis
1037 1107 1138 1188 delevi,

120 1196 241 1273 mutari,
259 1191 405 1273 suppleri,
422 1202 454 1253 ul
468 1195 603 1272 priorem
620 1192 784 1254 editionem
801 1195 863 1253 iam
879 1213 961 1256 nune
974 1199 1138 1277 proiiciam⁷

120 1299 268 1360 exponam
285 1280 469 1359 habeamque
486 1300 543 1360 pro
560 1280 714 1362 domitio,
735 1281 958 1362 prodibunlque
971 1303 1044 1345 mox
1063 1288 1137 1347 eius·

121 1370 191 1429 dem
208 1372 339 1429 nominis
353 1369 446 1429 libelli
459 1364 600 1450 mm,
617 1389 695 1449 quos
707 1389 790 1432 nunc
806 1373 921 1452 reiingo
939 1370 978 1433 ad
1000 1392 1137 1454 unguem

122 1459 223 1539 Scipio
244 1461 325 1538 piam
348 1476 469 1538 operam
486 1468 575 1520 uarat
591 1458 754 1520 bouellieis
775 1455 882 1521 illis²⁴⁸
902 1480 961 1522 neo
978 1467 1094 1542 poterit
1109 1463 1137 1524 id

120 1567 182 1609 non
203 1566 271 1609 esse
294 1551 498 1626 gratifflmnm
520 1547 738 1627 elegantissimi
757 1552 816 1610 viri
837 1549 987 1612 manibus
1019 1551 1062 1613 lis
1085 1571 1135 1632 ego

121 1637 256 1718 qrridem,
287 1640 333 1698 uti
363 1637 482 1716 pridem
513 1640 694 1717 scripseram
725 1632 837 1720 tibiffl,
873 1639 968 1700 mulia
999 1659 1137 1703 versuum

120 1729 275 1806 parentari
301 1726 467 1807 farragine,
498 1725 552 1786 sed
574 1744 645 1786 cum
670 1729 731 1786 iam
756 1745 855 1807 nuper
880 1731 1052 1812 migrarim,
1082 1748 1136 1791 non

120 1816 206 1876 licuit
227 1816 361 1876 incidere
384 1818 416 1875 in
438 1818 534 1895 ipsos3
560 1833 641 1876 nune
663 1824 780 1877 mutum
802 1817 996 1878 incurrebam
1017 1820 1052 1880 in
1072 1819 1136 1899 Epi·

121 1912 283 1983 grammata
310 1903 435 1985 aliquot,
466 1922 542 1982 quae
569 1907 598 1964 si
623 1903 681 1965 libi
710 1904 749 1966 ad
775 1914 910 1988 gustum,
942 1925 1054 1987 operae
1084 1910 1136 1970 erit

120 1994 251 2071 pretinm
282 2001 387 2071 postea
417 1995 508 2053 eiiam
539 1996 660 2054 mittere
691 2002 799 2056 celera
850 1994 931 2075 Ergo
962 2015 1001 2058 ea
1032 2000 1078 2059 sio
1108 2015 1135 2058 se

121 2080 232 2141 habent
255 2083 367 2159 scripta
389 2082 464 2142 mibi
482 2090 551 2143 aute
569 2101 664 2143 annos
677 2082 754 2164 Xlll⁷
766 2083 831 2144 xlv
848 2083 918 2164 plus
935 2081 1084 2148 minus²⁵⁰

122 2168 182 2230 Sed
203 2178 335 2250 praestat
357 2172 468 2252 liniam,
490 2189 529 2231 ne
551 2189 612 2231 non
634 2181 757 2250 gustum
778 2172 836 2234 tibi
857 2173 929 2234 dare
952 2175 1067 2257 videar,
1089 2173 1134 2236 sed

122 2277 246 2320 coenam
269 2262 424 2338 integram.
469 2258 539 2321 Vale
567 2263 668 2339 itaque
695 2270 727 2321 et
753 2261 846 2343 salve,
872 2265 1058 2326 amicissime
1079 2263 1134 2325 Ril·

121 2350 262 2431 tersbnsi,
285 2368 354 2410 oum
376 2357 427 2410 tua
450 2348 613 2410 lectissima
631 2352 757 2429 coniuge
780 2358 812 2412 et
828 2350 968 2413 dulcibus
987 2352 1133 2414 liberisin

121 2437 201 2499 bunc
228 2447 259 2499 ei
285 2437 387 2517 plures
414 2457 516 2499 annos.
562 2438 649 2509 Quod
676 2447 777 2500 votum
805 2442 944 2519 impartio
972 2443 1048 2503 item
1070 2443 1132 2503 viris

122 2528 312 2587 amicissimis
344 2526 469 2589 Domino
500 2527 721 2610 Wesembeoio,
753 2529 880 2589 Domino
911 2528 1038 2613 Gentili‚
1070 2534 1132 2593 item

121 2611 200 2674 binis
223 2617 372 2694 germanis
395 2615 582 2678 camerariis.

165 2720 439 2803 Heidelbergae‚
463 2724 511 2783 die
536 2721 589 2788 17.
606 2722 692 2785 Febr.
714 2718 850 2808 1596*).

326 2943 372 3017 41.
405 2949 431 3017 Ι.
457 2948 617 3018 Gruterus
640 2950 672 3017 0.
693 2949 930 3024 Rittersbnsio·

120 3068 411 3143 (Heidelbergoo).
894 3078 938 3130 19.
955 3073 1043 3133 Meri
1064 3079 1132 3132 lose.

187 3165 366 3228 Revertente
395 3167 431 3228 ad
454 3186 507 3228 vos
528 3167 735 3230 Wesembecio
758 3163 875 3250 filiam,
902 3188 959 3232 nec
982 3170 1066 3233 volui
1087 3186 1134 3233 neo

122 3255 206 3333 potui
233 3257 291 3316 tria
322 3254 427 3318 saltem
458 3256 549 3317 verba
582 3263 612 3316 ei
641 3257 709 3339 tihi,
742 3260 921 3320 amicissime
948 3258 1135 3339 Rittershusi,

123 3340 234 3420 quibus
257 3342 362 3405 saltem
385 3345 549 3406 indicarem
572 3347 763 3426 respondisse
782 3365 830 3408 me
849 3348 1029 3428 iampridem
1047 3349 1136 3412 literis

179 3531 205 3604 ⁴⁹)
226 3531 296 3593 eod.
317 3539 405 3596 1697.
