2370 3840
116 184 158 247 12
484 216 486 220 ⁷
509 195 515 205 ·
546 179 694 251 Epistolae

116 326 348 395 Chentmanus⁵²
371 340 474 394 noster
496 351 534 393 ne
557 333 664 412 pedem
683 333 803 412 quidem
827 332 891 393 loco
915 335 1009 393 movit
1028 340 1130 412 estque
1176 346 1179 391 ς

117 441 185 484 cum
217 425 280 483 suis
313 421 367 482 Dei
399 422 544 483 beneficio
578 421 689 503 salvus3
727 440 794 483 eum
832 423 957 483 conveni
988 424 1132 502 proximis

116 504 347 573 Bacchanalibus
361 511 500 573 Dresdac.
533 509 673 571 Ostendit
686 511 760 572 mihi
778 517 842 571 tum
861 511 936 572 duos
950 510 1045 572 libros
1064 530 1082 572 a
1100 529 1129 572 se

117 601 292 662 Germanice
321 603 449 680 scriptos
478 601 514 661 de
542 602 641 660 causis
668 607 698 661 et
722 603 873 661 curatione
901 602 967 661 eius
994 592 1131 660 morhi⁵³.
1177 596 1179 605 '

116 691 256 770 Inprimis
284 709 356 751 vero
383 684 521 751 narrat⁵⁴
547 689 738 769 miraculum,
767 683 957 751 muliercm⁵5
985 689 1132 769 quandam

116 798 152 841 eo
180 783 212 841 11
239 779 343 840 morbo
371 778 503 840 triduum
532 779 654 839 sudasse
684 781 866 857 sanguinem.
918 777 1005 839 Dabit
1035 785 1133 840 autem

118 869 294 948 opusculum
322 868 395 929 illud
423 860 613 930 Vuolrahio⁵⁶
641 867 855 929 excudendum.
902 867 991 928 Valde
1022 873 1054 928 11
1081 884 1134 947 ego

118 958 256 1019 desidero
279 958 378 1019 redire
402 957 438 1018 ad
460 957 670 1018 bibliothecam
692 975 799 1039 meam,
822 956 901 1037 quod
924 958 972 1016 vix
997 957 1135 1018 dictante

118 1046 177 1109 Cal.
196 1047 296 1108 Maias,
329 1047 358 1107 ls
377 1049 457 1107 cuim
477 1047 541 1108 dics
560 1045 675 1107 reditus
697 1047 820 1106 etmihi
839 1039 1135 1107 11111111571111-

118 1156 187 1198 nam
210 1136 432 1215 Grimmamquc
455 1143 501 1197 est
524 1154 540 1196 a
564 1134 743 1196 consiliariis
771 1137 918 1215 principis
946 1136 1135 1216 constitutus,

118 1226 206 1287 modo
230 1228 327 1286 maius
349 1224 473 1305 malum,
503 1224 582 1304 quod
606 1225 666 1284 iam
687 1231 758 1303 prae
782 1224 896 1285 loribus
918 1224 1037 1284 videtur
1061 1241 1136 1306 esse,

119 1315 150 1375 id
173 1333 234 1375 non
257 1313 406 1394 impediat.
448 1313 532 1384 Quod
556 1316 583 1374 si
605 1313 796 1374 renovabitur
818 1311 930 1374 bellum
953 1311 1055 1395 civile,
1078 1312 1136 1375 heu

120 1406 260 1464 miseram
283 1405 418 1484 patriam,
442 1403 479 1462 ah
502 1421 557 1463 nos
576 1401 775 1463 calamitosos!
799 1402 893 1463 Deum
913 1401 1076 1484 orabimus,
1098 1419 1135 1464 no

119 1493 251 1553 vindicet
273 1492 517 1572 ingratitudinem
541 1498 571 1552 et
593 1491 762 1570 superbiam
786 1498 932 1573 nostram,
959 1490 1013 1552 sed
1036 1496 1137 1571 parcat

119 1581 271 1643 Ecclesiae
287 1590 317 1642 et
330 1584 428 1661 ipsum
447 1600 516 1642 vere
535 1581 749 1642 invocantibus
775 1580 939 1657 'Historiam
958 1573 1137 1659 1111111111δε

119 1672 315 1751 Argentorato
329 1671 366 1732 ad
380 1678 410 1731 te
424 1674 556 1752 missam,
570 1677 603 1732 ut
616 1670 724 1730 fratres
739 1670 915 1751 significant,
928 1668 1029 1748 legere
1040 1671 1135 1750 cupio.

120 1761 188 1822 Dixi
211 1761 247 1822 de
272 1780 306 1822 ea
329 1779 426 1840 nuper
456 1759 629 1839 imprudens
653 1759 685 1819 D.
708 1753 902 1841 Mordesio⁵⁹,
930 1776 994 1818 eam
1023 1757 1137 1820 scilicet

120 1859 150 1912 te
173 1850 297 1930 hahere3
326 1849 378 1910 sed
402 1848 484 1909 dices
508 1848 715 1908 remittendam
743 1849 836 1909 luisse
859 1849 987 1929 auctori,
1015 1846 1137 1928 siquid

122 1942 264 2019 continet,
284 1937 362 2017 quod
382 1936 529 2019 Sleidano,
553 1943 611 2016 opt.
630 1938 703 2018 viro,
727 1955 829 1998 creare
847 1935 1014 2016 periculum
1032 1939 1136 2016 possit

121 2028 165 2089 Ad
184 2046 232 2088 me
251 2045 321 2087 vero
340 2028 440 2107 mitte3
463 2028 521 2087 crit
538 2025 594 2087 tibi
612 2033 677 2087 tuta
695 2033 725 2087 11
739 2026 825 2087 salva.
862 2026 975 2105 Scripsi
993 2024 1026 2086 D.
1046 2024 1137 2087 Bade

121 2117 231 2198 horno,
258 2123 291 2177 ut
314 2115 471 2177 admoneat
492 2114 626 2176 lordanis
653 2114 831 2194 bibliopolae
859 2115 954 2175 tilium
977 2113 1014 2174 de
1039 2113 1138 2176 debito

123 2206 198 2267 mibi
221 2199 405 2287 solvendo⁶03
429 2223 497 2265 nam
521 2211 587 2265 octo
611 2203 741 2264 thaleros
764 2223 781 2264 a
803 2204 921 2265 Petreio
944 2196 1140 2265 Dasiliense⁸1

123 2296 160 2357 ad
184 2314 231 2357 me
259 2296 368 2356 missos
394 2301 484 2373 negat
511 2301 541 2354 et
568 2312 584 2354 1
607 2300 691 2372 patre
722 2311 775 2353 suo
805 2293 917 2354 solutos
944 2291 1019 2352 mihi
1046 2293 1144 2374 fingit-

123 2385 218 2446 Mone.
234 2387 323 2446 ctiam
345 2391 380 2446 tu
397 2386 505 2464 ipsum,
526 2401 565 2465 ne
584 2401 633 2443 res
652 2380 703 2442 illa
721 2385 826 2443 maiori
843 2388 947 2462 postea
965 2380 1075 2442 damno
1093 2383 1140 2443 sit

124 2475 193 2535 Vale
222 2492 290 2535 cum
316 2466 441 2534 uxore⁶²
469 2478 527 2552 opt.
551 2479 581 2531 et
604 2473 726 2531 suaviss.
750 2470 852 2532 liberis
876 2468 1004 2531 feliciter
1026 2477 1059 2531 11
1080 2471 1142 2533 diu.

172 2573 432 2663 (Calcareuthi)
453 2581 517 2640 ruri
535 2578 570 2638 ad
585 2577 740 2660 hederam,
759 2579 807 2642 111.
821 2577 880 2639 Cal.
899 2576 998 2638 Martii
1015 2574 1142 2639 MDLlll

703 2680 877 2764 Ge‘o'rgins
900 2683 1099 2777 Fabricius.

350 2891 389 2964 ll.
422 2894 458 2963 d.
481 2894 654 2963 Fabricius
676 2893 731 2963 W.
754 2893 915 2962 lleurcro.

126 2980 325 3038 Chemnieii.
915 2984 958 3035 18.
976 2979 1045 3051 Apr.
1066 2984 1144 3039 1118.

194 3147 222 3160 ..
247 3098 279 3158 D.
297 3096 457 3177 Volfgango
481 3095 628 3176 diomero,
651 3093 768 3155 medico
795 3100 825 3154 ct
842 3093 1051 3174 philosophiae
1073 3112 1142 3176 pro·

128 3187 235 3248 fossori
258 3190 289 3248 in
313 3187 462 3250 academia
485 3185 637 3265 lipsiensi
661 3231 689 3245 ..
713 3183 814 3244 XXV.
838 3185 934 3260 April.
957 3183 1053 3246 1553.

196 3275 224 3337 S.
244 3276 276 3336 D.
313 3275 378 3336 Nisi
400 3275 530 3336 militum
553 3273 718 3334 obstitisset
740 3278 852 3353 metus,
876 3273 928 3351 qui
950 3289 1032 3333 nunc
1055 3271 1145 3337 ndito

129 3368 160 3426 11
183 3363 341 3446 praesidiis
365 3372 446 3445 sunt,
476 3362 682 3442 Dcichlingum
708 3361 861 3442 profectus
889 3367 919 3421 te
947 3378 1051 3422 coram
1073 3360 1145 3423 allo·

122 3461 213 3514 cutus
235 3470 348 3534 essem,
375 3451 479 3515 multis
507 3452 544 3513 de
575 3453 682 3514 causis.
727 3443 899 3511 Schetum⁶³
922 3448 1033 3511 obiisse
1060 3448 1146 3513 robis

103 3547 216 3601 notum
237 3559 308 3603 esse
323 3543 440 3628 iudico,
460 3549 523 3625 opt.
540 3541 776 3606 adolescentem.
796 3537 893 3616 dupio
908 3537 1037 3595 tratrem
1044 3537 1155 3598 luem
