2370 3840
511 140 650 211 epistolae
1027 143 1091 208 113

223 317 273 387 79.
304 320 342 388 Η.
366 320 594 409 Thederingus
618 322 686 390 Nic.
709 322 943 391 Rittershusic.

71 442 242 500 Dantisoi.
845 451 888 501 25.
907 445 992 501 Mart.
1013 451 1091 503 1624.

142 554 307 618 ..Nicolao
335 557 535 618 Rittershusio
558 558 579 619 l.
603 557 636 619 U.
662 556 706 639 C,
738 556 916 637 Polyhistori
946 577 979 618 ac
1007 558 1091 639 Poly·

71 645 167 724 glotto
191 647 322 707 eximio.
338 694 344 707 .
358 645 552 726 Konigsberg.
640 686 646 707 1

140 733 398 796 Praestantissima
436 743 478 797 et·
505 736 677 796 doctissime
713 734 767 796 Dn.
804 733 867 796 Nic.
901 733 1091 818 Rittershusi,

70 823 198 884 Domine
224 830 255 884 et
276 824 378 885 Amice
401 825 635 886 amate-amande
659 843 693 885 ao
716 823 848 885 colende.

143 912 171 972 S.
191 911 221 973 P.
255 912 288 974 Si
311 931 398 982 omne
421 916 534 975 trinum
557 914 723 993 perfectum
747 919 802 995 est,
824 921 857 973 ut
879 914 984 973 tritum
1002 913 1092 974 habet

70 1001 255 1083 diverbium,
287 1002 420 1081 perfecto
452 1021 507 1082 ego
541 1003 708 1063 litterarum
736 1009 855 1064 tuarum
883 1021 1007 1062 numero
1035 1000 1091 1064 hac

68 1109 133 1152 una
151 1093 215 1151 vioe
234 1109 315 1152 nunc
333 1092 515 1171 respondere
535 1092 626 1152 dicar.
664 1091 766 1170 Neque
785 1091 983 1170 negligentiae
1000 1090 1091 1152 ullius

70 1187 126 1240 aut
148 1182 322 1242 imminutae
345 1180 504 1242 voluntatis
528 1187 630 1241 notam
648 1188 806 1260 propterea
825 1188 935 1262 metuo,
959 1200 1027 1241 cum
1045 1181 1091 1241 Tu

69 1272 139 1349 ipse
161 1269 237 1330 hanc
260 1268 357 1348 legem
379 1269 453 1330 mihi
476 1272 623 1351 posueris,
646 1277 680 1330 ut
702 1276 770 1349 post
788 1269 874 1330 binas
893 1269 982 1331 simul
1000 1270 1090 1331 tradi-

69 1367 120 1419 tas
144 1357 239 1419 adhuc
262 1357 335 1419 alias
359 1358 435 1420 aTe
459 1366 657 1440 expectarem,
681 1358 790 1438 quibus
813 1361 924 1438 prioris
948 1359 1090 1439 epistolae

69 1465 158 1508 meae
186 1446 311 1526 singulis
338 1447 485 1527 capitibus
508 1451 677 1509 accuratius
701 1449 898 1508 satisfaceres.
944 1449 1041 1519 Quare
1065 1451 1092 1509 si

72 1535 161 1615 culpa
189 1543 235 1596 est
260 1543 321 1596 tam
349 1535 401 1597 diu
428 1539 572 1618 tacuisse,
600 1539 632 1596 in
655 1536 696 1596 Te
724 1535 774 1595 illa
797 1539 904 1596 merito
928 1538 1090 1617 reiicietur,

72 1627 125 1686 cui
156 1627 189 1685 in
221 1627 365 1705 imperata
397 1644 479 1686 mora
513 1644 627 1687 morem
660 1643 764 1704 gerere
797 1626 844 1684 ius
877 1624 980 1702 fasque
1011 1624 1090 1684 duxi.

71 1714 193 1775 Clariss.
211 1712 248 1774 Μ.
267 1709 455 1775 bunnum⁶⁰⁸
477 1716 588 1776 virtute
612 1733 646 1775 ac
668 1714 850 1773 humanitate
875 1730 928 1772 sua
952 1711 1090 1772 omnibus

71 1810 191 1882 gratum
218 1809 248 1864 et
276 1804 513 1865 commendatum
541 1806 615 1885 iuvi,
645 1810 788 1883 quantum
816 1803 914 1883 potui,
943 1800 979 1861 ad
1006 1803 1090 1881 pina·

71 1892 226 1953 cothecam
264 1910 336 1953 vero
374 1896 435 1954 sire
472 1895 719 1954 exoticotamston
756 1892 905 1970 Magnifici
942 1890 1090 1970 quondam

69 1981 208 2042 Praecos.
239 1984 337 2043 nostri
363 1976 626 2043 Schaehmanni⁵⁰⁹
658 1981 756 2042 aditus
783 1989 848 2043 tum
875 2000 936 2041 non
963 1980 1090 2062 patebat,

72 2069 153 2150 quod
181 2078 212 2131 et
239 2073 303 2132 sine
332 2071 436 2132 ordine
464 2091 498 2132 ac
525 2074 709 2149 incomptum
735 2070 809 2131 illud
833 2073 945 2131 iaceret
968 2077 1010 2152 et,
1039 2073 1091 2149 qui

72 2161 139 2220 eius
162 2177 265 2220 curam
287 2167 403 2241 gerunt,
427 2160 502 2220 urbe
526 2160 678 2240 abessent3
702 2159 779 2238 apud
800 2158 854 2219 Dn.
877 2159 995 2218 viduam
1019 2177 1089 2219 vero

71 2256 104 2309 et
139 2248 233 2309 filium
267 2249 339 2328 quid
372 2267 426 2328 ego
457 2267 590 2330 possem,
630 2251 681 2327 qui
713 2247 868 2307 hominum
899 2248 1005 2306 notitia
1036 2265 1091 2324 per

72 2336 267 2399 decennalem
297 2337 460 2398 absentiam
489 2356 585 2399 meam
613 2337 676 2396 sere
704 2335 815 2416 excidi,
848 2342 881 2395 ut
908 2352 983 2394 nova
1011 2334 1090 2413 apud

72 2445 178 2488 omnes
204 2428 404 2488 insinuatione
432 2445 507 2506 opus
535 2444 601 2487 esse
629 2424 772 2484 videatur.
814 2423 860 2503 ,Et
888 2424 959 2503 quid
986 2422 1090 2484 viduas

72 2534 128 2596 ego
149 2534 277 2596 nossem,
302 2517 353 2594 qui
371 2518 502 2594 virgines
521 2516 631 2575 sectari
650 2515 782 2575 animum
800 2514 914 2596 induxi,
938 2511 1090 2575 Gallorum

72 2605 212 2686 consilio,
245 2607 296 2683 qui
329 2604 455 2665 suadent
486 2604 686 2684 quaerendam
715 2596 907 2685 (praesertim
935 2597 1088 2687 litteratis)

72 2713 132 2755 une
151 2696 267 2754 maison
285 2693 373 2753 iaicte
393 2700 500 2754 etune
519 2694 627 2754 semme
647 2694 664 2753 a
682 2694 764 2754 faire.
801 2693 989 2774 Propositum
1004 2701 1090 2754 tuum

73 2782 138 2844 loca
160 2784 285 2861 exotica,
308 2784 446 2861 inprimis
469 2781 592 2864 ltaliam,
616 2801 684 2843 cum
702 2782 796 2843 nobili
816 2783 944 2862 quodam
962 2780 1090 2841 adeundi

73 2870 159 2933 laude
183 2872 391 2951 dignissimum
415 2871 528 2953 iudico,
552 2879 685 2933 meretur
709 2875 789 2932 enim
815 2872 846 2932 id
869 2873 963 2930 virtus
986 2876 1036 2928 tua
1059 2876 1090 2928 et

73 2961 222 3042 doctrina,
250 2979 288 3021 ne
317 2959 367 3020 illa
389 2959 525 3040 Europae
553 2979 623 3040 pars
652 2960 713 3021 sola
737 2959 778 3019 Te
802 2965 919 3038 gratum
941 2957 1089 3035 hospitem

74 3068 133 3110 non
156 3052 336 3130 experiatur,
361 3067 435 3128 quae
458 3068 530 3129 prae
554 3049 620 3110 aliis
638 3048 797 3109 Paradisus
816 3046 918 3107 Mundi
941 3045 1000 3105 dici
1019 3062 1088 3104 con-

75 3142 170 3200 suevit
192 3145 223 3200 et
244 3156 349 3199 revera
373 3146 431 3220 est,
461 3140 487 3198 si
510 3138 614 3198 dextre
637 3136 827 3198 inhabitetur.
874 3134 933 3195 Sed
956 3151 1023 3193 cum
1046 3132 1090 3194 ibi

76 3234 211 3308 sumptus
233 3229 362 3288 maiores
386 3230 475 3288 etiam
499 3245 588 3306 quam
607 3229 640 3288 in
658 3224 762 3286 Galliis
780 3225 980 3304 requirantur,
1003 3231 1088 3284 caute

74 3315 122 3378 hic
144 3316 406 3397 peregrinantibus
431 3316 578 3395 agendum
601 3315 698 3395 deque
721 3331 757 3375 eo
781 3312 896 3374 Nobilis
914 3311 970 3372 Tui
993 3319 1090 3374 mater

74 3413 103 3466 et
120 3407 228 3467 iratres
248 3405 435 3487 admonendi,
454 3424 492 3466 ne
511 3404 636 3466 eandem
656 3405 692 3466 ab
712 3403 771 3464 illis
790 3401 947 3481 aliquando
965 3404 1090 3480 gratiam

74 3503 216 3575 reportes,
236 3512 322 3572 quam
342 3513 358 3554 a
377 3493 596 3559 Schenckianis
612 3495 687 3560 'libi
701 3493 834 3557 relatam
846 3508 970 3552 narras.
992 3489 1115 3544 uiuam

111 3602 186 3649 nnuc
200 3613 262 3644 noo.
277 3603 340 3645 XVI
353 3608 376 3647 ot
390 3607 472 3652 XVII.
947 3592 970 3640 ‘b
