2370 3840
78 157 121 221 96
466 159 500 214 Η.
519 157 692 228 Thederingi

76 327 193 389 qnoque
218 309 355 368 allectum
382 307 482 368 verbis
511 307 693 369 declaratum
721 309 878 370 confirmet
906 318 937 371 et
963 311 1077 390 apertius

76 405 210 458 testetur.
256 396 318 476 Ego
342 398 464 457 interim
491 396 576 457 illurn
603 405 634 458 et
657 416 774 478 omnes,
805 417 881 478 quos
910 402 970 460 mei
996 416 1076 460 aman·
1117 406 1119 467 ζ

75 489 208 547 tissimos
232 505 299 547 sum
322 494 472 567 expertus,
500 486 663 547 observabo
692 495 722 548 et
749 489 914 567 suspiciam
941 495 1074 568 perpetuo.

76 576 154 657 Vale,
177 576 229 636 Vir
251 576 399 656 Ampliss,
420 574 530 636 Fautor
554 574 619 654 Opt.
642 574 717 636 Max.

120 700 231 760 Dabam
254 699 429 779 Altorphi,
451 699 531 779 prid.
552 699 626 759 Non.
650 699 720 760 Maii
743 718 787 760 ao.
811 703 925 779 gratiae
951 699 1037 764 1616.

356 824 388 884 V.
412 823 446 884 N.
471 831 500 884 et
523 824 555 884 A.
580 826 661 884 omni
684 826 805 884 nomine
829 832 860 885 et
882 845 962 887 nexu

454 912 678 974 Hermannus
701 913 928 993 Tederingus
952 915 1040 976 Dant

303 1155 352 1225 72.
383 1157 421 1224 H.
444 1155 672 1244 liederingus
697 1156 732 1227 d.
754 1158 865 1227 Remo.

78 1279 342 1348 Heidelbergae.
888 1287 914 1338 2.
937 1282 995 1339 Ian.
1013 1283 1072 1334 1618.

145 1373 254 1435 ..lln
284 1375 410 1453 Georgio
439 1375 532 1436 Remo
557 1423 563 1436 .
584 1423 590 1436 .
614 1375 718 1436 inolito
747 1375 870 1438 Senatui
897 1376 980 1457 Reip.
1007 1376 1073 1437 Nori·

77 1464 233 1543 bergensis
256 1483 273 1524 a
296 1464 436 1525 Consiliis
460 1467 573 1526 intimis
597 1512 603 1525 .
624 1512 631 1525 .
654 1464 821 1544 Ndrnberg.

144 1552 333 1633 Amplissime
347 1553 401 1614 Dn.
415 1553 524 1615 Doctor
538 1553 638 1635 Reme,
658 1553 769 1615 Fautor
787 1562 943 1617 aeternum
963 1552 1074 1617 colende.

77 1643 143 1703 Non
167 1644 224 1705 luit
247 1645 367 1704 omnino
399 1643 436 1703 de
464 1642 557 1703 nihilo
589 1662 690 1704 meum
718 1643 754 1704 de
783 1644 965 1706 diuturniori
998 1653 1026 1706 et
1043 1645 1076 1702 in·

78 1741 162 1794 sueto
185 1734 217 1793 A.
236 1732 267 1794 V.
296 1732 415 1793 silentio
443 1731 554 1792 malum
581 1751 683 1813 omen,
711 1751 769 1812 quo
792 1732 824 1793 A.
844 1732 875 1793 V.
904 1733 952 1795 vel
979 1746 1077 1813 aegram

77 1822 124 1882 vel
148 1829 298 1900 aegrotam
321 1821 532 1882 coniectabam.
569 1821 626 1882 lliu
650 1824 730 1882 enim
752 1821 940 1902 multumque
964 1823 1000 1884 de
1017 1817 1077 1884 AV·
1117 1860 1119 1883 ι

79 1911 172 1970 salute
196 1917 226 1969 et
253 1906 312 1969 vita
340 1909 466 1971 sollicito
494 1910 581 1992 mibi,
610 1910 815 1990 superioribus
842 1912 964 1973 tandem
992 1911 1078 1974 diebus
1117 1930 1119 1939 ·

76 2001 221 2058 iacturam
244 1998 349 2058 domus
372 2007 487 2060 vestrae
511 1999 743 2081 irreparabilem,
771 1997 954 2080 coniugis⁴⁵⁵
979 1999 1078 2063 carissi·

78 2106 143 2147 mae
167 2086 336 2148 luctuosum
358 2088 472 2149 obitum
495 2091 671 2150 nuntiarunt
692 2088 762 2150 Rev.
786 2097 817 2150 et
840 2089 880 2151 Cl.
903 2090 987 2152 Doot.
1005 2089 1078 2152 Altin-

78 2169 180 2256 gus⁴56
203 2184 233 2238 et
251 2171 380 2238 Clariss¹.
395 2178 425 2238 P.
450 2184 480 2238 et
502 2177 533 2238 F.
558 2171 776 2239 Gotholredi⁴⁶⁷
798 2182 904 2240 nostri
946 2181 1079 2260 Tanquam

78 2269 111 2327 in
142 2268 225 2328 luctu
258 2269 408 2327 communi
441 2265 523 2327 dolui
555 2267 746 2328 vehementer
778 2269 867 2328 istam
900 2269 1079 2330 calamitatem

78 2357 272 2418 domesticam
287 2362 316 2416 et
331 2359 517 2436 inopinatum
532 2374 700 2417 moerorem
713 2356 745 2417 A.
755 2355 787 2417 V.
801 2359 833 2416 in
847 2357 904 2418 hac
918 2352 1079 2438 provectiori

78 2447 167 2506 etad
192 2448 308 2506 senium
331 2452 471 2524 vergente
495 2452 589 2506 aetate
614 2445 764 2527 afflixisse,
788 2464 863 2526 quae
887 2465 1028 2510 curarum
1046 2447 1079 2504 sat

78 2540 146 2593 ante
170 2536 303 2611 gravium
326 2537 574 2616 imminutionem,
597 2553 658 2595 non
681 2542 873 2613 augmentum
891 2554 1015 2615 sperare
1035 2536 1079 2595 iam

79 2621 213 2682 debebat.
251 2621 422 2700 Cogitabam
444 2626 569 2702 insuper
592 2623 628 2684 de
651 2626 698 2705 iis,
721 2642 798 2702 quae
821 2622 956 2686 dolorem
975 2626 1047 2687 hunc
1061 2618 1079 2679 ti

77 2730 139 2772 non
162 2711 280 2772 auferre
299 2718 403 2794 totum,
427 2712 531 2773 saltem
550 2714 648 2792 aliqua
666 2720 750 2792 parte
769 2712 867 2774 levare
885 2722 1022 2796 possent,
1040 2704 1078 2771 sed

77 2801 159 2862 nulla
182 2800 405 2882 succurrebant,
429 2820 503 2880 quae
526 2801 558 2862 A.
577 2801 608 2863 V.
631 2820 687 2881 pro
706 2804 855 2862 constanti
873 2805 967 2864 animi
985 2798 1078 2881 magmi-

77 2891 181 2952 tudine
205 2898 235 2951 et
257 2890 432 2951 inexhausta
460 2890 594 2952 doctrina
621 2909 683 2952 non
705 2898 807 2952 essent
834 2892 894 2952 iam
913 2899 982 2954 ante
1005 2889 1078 2954 notis·

79 2982 162 3041 sima.
208 2979 283 3052 Quia
306 2988 406 3040 tamen
433 2983 527 3040 menti
555 2980 741 3059 aegritudine
768 2979 850 3040 velut
877 2998 1036 3061 oppressae
1055 2991 1079 3035 m

78 3070 211 3148 sepultae
234 3087 295 3130 non
319 3067 514 3130 obversantur
537 3087 626 3149 saepe
649 3072 728 3130 iusta
751 3068 864 3150 solatia,
888 3064 1080 3150 conmodatus

78 3175 162 3218 meae
194 3161 325 3219 rationes
358 3165 388 3218 et
418 3166 524 3238 pectus
555 3158 647 3219 hocce
679 3159 841 3219 inoffensae
873 3159 906 3220 A.
925 3158 958 3221 V.
989 3154 1081 3240 quietis

79 3251 233 3326 statusque
265 3246 470 3308 florentissimi
506 3266 626 3326 semper
662 3249 899 3309 amantissimum
937 3252 1082 3329 sequentes

79 3332 172 3393 lineas
195 3335 294 3395 facere
317 3338 478 3397 iusserunt.
524 3336 608 3397 Unde
637 3344 737 3397 autern
764 3336 914 3398 efficacius
942 3337 1013 3399 buio
1034 3330 1083 3394 vul·

73 3424 143 3482 neri
161 3422 329 3484 remedium
349 3442 437 3505 quam
456 3425 492 3486 ab
511 3428 577 3506 ipsa
594 3425 693 3485 divina
710 3424 900 3487 Providentia
919 3415 1084 3506 peteretur?

67 3509 142 3576 >laec
170 3516 200 3577 si
229 3517 334 3578 omnia
363 3525 468 3600 curat,
499 3518 549 3578 uti
576 3521 660 3576 certe
687 3521 775 3574 curat
795 3516 887 3571 etiam
900 3516 1086 3574 minutissima
