2370 3840
390 157 392 162 '
474 184 680 240 adnotationes
1019 152 1084 251 149

65 324 164 396 tagins
186 323 261 395 Lips.
286 331 355 379 1531
378 345 405 396 p.
426 331 459 382 13
469 330 521 397 sq.)
545 330 574 381 51
595 327 742 382 Fabricius
766 327 848 396 epist.
871 333 914 383 42.
940 334 999 384 107.
1022 334 1082 385 109.

66 403 120 451 134
138 394 237 466 uer,
256 395 306 465 qui
324 396 412 452 etiam
429 398 594 467 pestilentia
611 416 662 468 per
674 397 808 453 Misniam
825 402 974 469 grassante
992 401 1083 466 ἀλεξι-

65 467 329 594 111511
349 468 617 593 <
636 469 768 609 arear
795 469 1084 597 111511

122 585 129 596 .
496 585 501 595 .
609 585 615 610 ,
814 586 820 597 .

66 612 101 681 (v.
123 610 320 666 Schumacher.
341 613 407 666 ante
426 611 515 666 vitam
533 611 644 679 Siberi).
866 609 868 613 ’

139 682 179 736 80
192 681 269 736 Helii
282 681 393 736 Eobani
401 682 485 736 Hessi
498 687 696 754 (1488-1540)
710 684 800 737 vitam
814 683 919 753 optime
934 683 1084 754 descripsit

66 751 93 808 0.
112 753 223 807 Krause
242 753 351 807 duobus
370 753 424 808 vol.
445 753 554 809 Gothae
575 760 643 808 1810
662 755 756 811 editis.
1036 806 1038 811 .

139 823 177 878 81
197 823 310 878 Hieron.
329 825 568 894 Baumgartnerus
591 827 833 896 (Baumgaertner)
857 825 950 880 senior
972 825 1083 880 Norim-

66 894 222 966 bergensis,
242 896 569 965 1438-1565,,111515111
589 898 735 951 doctorum
752 897 831 951 velut
846 896 1000 952 Camerarii
1015 914 1083 966 quo-

68 983 120 1035 que
149 965 251 1021 fautor.
282 966 327 1022 ¹V.
350 967 443 1022 Ioach.
467 967 620 1023 Camerarii
648 969 683 1023 de
709 969 771 1022 1115
797 968 831 1022 H.
850 969 1084 1038 Paumgaertneri

68 1036 142 1092 edid.
167 1036 299 1106 notisque
321 1037 482 1093 illustravit
501 1041 533 1094 G.
548 1039 579 1093 E.
594 1040 718 1094 Waldau
742 1040 868 1095 Norimb.
895 1045 976 1107 17853
1000 1039 1084 1093 Will-

67 1105 220 1180 llopitsch,
240 1108 347 1164 Niirnb.
364 1109 856 1180 (151511151-151111511111205511,
874 1111 928 1165 Vll
946 1117 997 1164 106
1008 1128 1082 1179 sqq.;

67 1178 238 1235 Seidemann
256 1179 287 1233 in
301 1180 463 1235 Zeitschrift
477 1182 496 1236 f.
512 1182 538 1236 d.
553 1181 619 1238 hist.
634 1182 730 1237 Theol.
746 1189 781 1237 44
795 1186 888 1253 (1814)
905 1202 932 1253 p.
946 1188 999 1236 544
1009 1200 1083 1251 sqq,

65 1251 188 1323 Allgem.
203 1251 344 1306 Deutsche
358 1251 452 1323 Biogr.
467 1253 493 1305 Π
510 1271 536 1323 p.
552 1259 603 1306 168
614 1272 654 1322 sq.
671 1286 703 1294 —
718 1255 787 1309 Eob.
801 1254 907 1308 Hessus
925 1253 1084 1324 Erphordia

64 1319 217 1378 Norimber
238 1339 284 1376 am
310 1323 576 1393 transmigraverat,
611 1324 661 1379 ubi
692 1325 883 1395 praeceptoris
916 1343 1017 1379 munus
1046 1325 1084 1379 ad

63 1393 195 1450 scholam
213 1341 253 1448 gt.
267 1393 383 1464 Aegidii
405 1395 504 1448 eodem
527 1412 601 1449 anno
624 1397 808 1451 constitutam
830 1414 847 1450 a
865 1395 1083 1451 Melanchthone

60 1464 180 1522 senatui
200 1464 431 1537 Norimbergensi
448 1467 661 1520 commendatus
680 1471 851 1538 susceperat,
875 1468 971 1536 rbique
995 1484 1083 1535 usquc

60 1538 99 1592 ad
121 1553 231 1590 annum
251 1537 451 1592 15331151511,
484 1537 556 1591 Tum
574 1538 761 1608 Erphordiam
780 1538 904 1593 revertit.
978 1538 1015 1592 82
1037 1538 1084 1591 ‘In

57 1605 91 1665 P.
104 1606 225 1678 Virgilii
234 1607 359 1662 Maronis
369 1607 503 1663 Bucolica
513 1625 547 1662 ac
558 1608 694 1679 Georgica
704 1609 918 1663 adnotationes'
929 1609 1083 1678 Hagenoae

56 1684 136 1734 1529
156 1677 253 1732 editae
271 1680 350 1747 sunt3
369 1697 395 1733 v.
409 1679 518 1734 Krause
532 1680 558 1733 H
577 1686 611 1734 26
619 1698 660 1749 sq.
734 1680 771 1735 83
789 1681 882 1735 Ioaoh.
898 1678 1083 1748 Camerarius,

53 1747 178 1806 Ecbani
196 1750 233 1803 ad
253 1749 292 1804 St.
308 1749 459 1822 Aegidium
479 1751 588 1821 collega
606 1751 688 1821 eique
707 1754 769 1806 arta
787 1752 864 1806 vitae
881 1754 911 1805 51
923 1751 1084 1805 litterarum

51 1821 210 1876 fructuosa
237 1821 445 1876 necessitudine
474 1822 638 1877 coniunctus
667 1827 703 1894 (1.
728 1824 836 1877 Krause
859 1823 885 1876 II
910 1841 936 1892 p.
957 1825 1083 1891 31-41),

51 1910 78 1949 s.
100 1893 123 1947 f.
145 1896 262 1946 51526
289 1891 438 1947 Albertum
466 1894 598 1948 comitem
621 1895 857 1949 Mansfeldensem
884 1893 969 1948 latini
997 1892 1083 1948 inter-

51 1963 152 2035 pretis
181 1962 243 2017 loco
272 1964 307 2017 ad
332 1963 463 2019 Carolum
480 1965 514 2020 V.
542 1965 573 2019 in
595 1966 741 2036 Hispaniis
768 1969 836 2020 tunc
864 1967 1084 2020 commorantem

52 2033 251 2090 comitaturus
285 2034 385 2090 itinere
418 2035 512 2091 subito
544 2037 701 2109 interrupto
733 2038 792 2091 iam
822 2054 919 2092 mense
950 2038 1082 2091 Ianuario

52 2111 177 2162 51521
196 2104 346 2160 Norimber
366 2123 412 2160 am
430 2106 591 2177 insperatus
613 2109 731 2163 revertit
750 2109 862 2177 (Adami
884 2108 961 2162 vitae
979 2108 1081 2230 philos¹

53 2182 134 2232 1105
159 2195 186 2246 p.
208 2182 258 2230 121
283 2179 313 2231 51
375 2194 442 2232 ause
465 2178 484 2233 1.
509 2196 531 2233 c.
554 2199 581 2249 p.
597 2184 651 2247 32),
672 2211 704 2220 -
724 2179 829 2233 Versus
852 2179 896 2232 illi
920 2179 957 2232 ad
1005 2195 1083 2232 aum·

77 2249 229 2303 artnerum
247 2247 278 2301 in
292 2248 441 2318 Sylvarum
455 2250 528 2304 libro
542 2250 589 2304 Vl.
609 2254 734 2319 (operum
747 2251 823 2304 farra
847 2249 852 2261 '
875 2267 890 2304 e
904 2249 996 2319 priore
1012 2254 1082 2302 1533

52 2267 110 2375 iol.
128 2316 311 2387 235s„235s)
330 2322 451 2387 exstant,
471 2321 573 2389 quibus
593 2322 740 2376 occasione
758 2338 809 2391 per
825 2268 962 2374 lddchimi
981 2320 1081 2373 absen-

52 2390 136 2446 tiam
156 2389 226 2443 1515
243 2390 325 2459 petit,
344 2394 377 2445 ut
395 2391 451 2446 sibi
470 2393 506 2446 ab
523 2392 573 2446 illo
587 2392 687 2447 relicto
702 2391 876 2460 frequentius
891 2390 998 2444 scribat
1010 2407 1081 2444 neve

53 2459 162 2516 Musas
182 2477 247 2515 suas
266 2464 393 2530 spemat3
413 2463 599 2533 longinquum
618 2481 679 2518 esse
697 2466 821 2532 tempus,
842 2479 877 2516 ex
895 2479 950 2531 quo
969 2461 1081 2515 Norim-

52 2531 169 2603 bergae
192 2535 318 2586 versetur
339 2534 460 2588 necdum
483 2534 571 2588 ullam
594 2534 708 2589 utilium
726 2551 819 2589 rerum
838 2533 949 2604 copiam
968 2533 1017 2587 diu
1035 2550 1082 2588 ex·

56 2604 224 2675 spectatam
251 2603 320 2659 dari.
364 2603 448 2659 Cuius
474 2605 611 2674 epistolae
635 2609 832 2675 argumentum
855 2609 884 2660 et
907 2605 1082 2660 occasionem

58 2693 129 2729 cum
149 2673 303 2729 Camerarii
322 2675 431 2730 reditus
449 2677 605 2746 turbasset,
629 2679 688 2731 iam
705 2696 742 2732 ne
759 2678 865 2732 frustra
883 2677 990 2747 scripta
1008 2680 1083 2731 esset

56 2761 135 2801 neve
157 2746 226 2800 vota
249 2745 331 2799 irrita
353 2748 465 2813 fierent,
494 2746 653 2804 Camerario
677 2749 1081 2818 transmisitBaumgartnero

57 2816 234 2872 tradendam
256 2815 310 2871 hac
334 2818 444 2873 adnexa
465 2818 586 2887 epistola
609 2821 648 2890 (in
668 2820 821 2875 Camerarii
844 2821 878 2874 de
897 2820 930 2873 H.
945 2819 976 2878 E.
992 2818 1081 2871 Hesso

58 2886 235 2953 narratione,
249 2887 376 2944 Norimb.
393 2895 471 2957 1553,
485 2890 533 2944 fol.
549 2891 640 2961 K4a):
657 2891 738 2945 ‘Dixi
749 2908 840 2962 nuper
853 2890 914 2954 tibi,
930 2889 1081 2957 Ioachime,

61 2958 87 3013 si
101 2958 177 3012 forte
191 2957 354 3028 meministi,
370 2961 404 3015 de
418 2962 542 3029 quodam
556 2963 687 3030 carmine,
703 2963 779 3031 quod
794 2962 910 3016 absente
919 2963 949 3015 15
958 2961 1081 3014 luseram

61 3029 219 3099 statimque
233 3030 369 3086 missurus
380 3049 464 3097 eram,
480 3031 578 3106 <ni>si
587 3037 698 3087 mature
708 3038 756 3103 (an
766 3031 945 3087 ‘materiam'
958 3030 1081 3084 scriben-

61 3102 160 3171 dum?)
179 3102 209 3154 et
225 3102 302 3169 quod
315 3102 485 3172 optabamus
499 3106 705 3173 argumentum,
724 3105 809 3158 immo
824 3103 1001 3158 occasionem
1014 3103 1080 3156 tuus

61 3173 203 3228 adrentus
222 3170 425 3244 intercepisset.
458 3174 601 3257 Descripsi
618 3178 715 3230 tamen
728 3178 758 3230 51
771 3174 888 3245 implevi
902 3173 994 3239 hodie,
1013 3189 1080 3226 naor

61 3242 159 3298 ultimi
176 3259 274 3298 versus
292 3244 358 3299 XIV
372 3246 497 3314 deerant,
516 3245 626 3315 tibique
640 3246 714 3314 misi,
733 3249 766 3300 ut
779 3249 807 3301 et
820 3246 919 3301 videas
934 3244 1081 3299 absentem

62 3318 93 3370 te
115 3314 264 3369 nobiscum
287 3315 375 3371 fuisse
399 3319 428 3371 et
451 3316 475 3370 si
498 3317 611 3371 videtur
633 3318 725 3373 adhuc
748 3316 904 3372 transmitti
926 3332 1022 3388 posse,
1049 3316 1080 3370 id

62 3388 113 3440 tuo
132 3385 252 3441 consilio
269 3386 329 3456 fiat,
348 3389 381 3442 ut
399 3388 475 3456 quod
493 3388 632 3443 adventus
645 3392 711 3443 tuus
727 3390 761 3445 de
776 3390 941 3460 argumento
957 3387 1081 3442 detraxit

63 3457 216 3513 consilium
237 3475 332 3513 rursus
356 3459 493 3514 adstruat.
532 3460 588 3516 Sed
610 3460 737 3516 obtestor
760 3507 766 3518 .
788 3467 860 3531 .ts,
875 3463 914 3513 ut
933 3476 974 3513 er.
991 3458 1093 3509 amma

63 3545 109 3583 me
126 3527 271 3597 scripsr'sse
288 3529 397 3586 sentias
413 3574 419 3586 .
435 3575 441 3587 .
458 3533 478 3589 .’
511 3531 566 3590 cui
580 3533 749 3593 sententiae
764 3531 918 3592 contraria
928 3545 968 3583 ea
979 3530 1042 3589 ests
1054 3534 1120 3584 Ψ·
