2370 3840
91 163 136 226 34
521 161 541 217 I.
561 159 672 216 Gruteuu'

299 342 350 412 28.
375 342 401 410 l.
425 341 586 411 Gruterus
612 341 643 409 0.
667 340 902 411 Riltcrsbusio.

91 464 358 536 Heidelbergee.
774 513 775 517 ,
883 469 927 521 26.
948 463 1018 518 Iulii
1038 470 1109 522 1593.

158 578 223 639 Etsi
245 579 362 658 pridem
385 581 509 658 nuperis
532 580 592 639 tuis
611 578 821 657 responderim
839 595 960 656 unaque
980 581 1108 639 miserim

90 667 170 729 Iunii
192 669 289 729 nostri
312 675 345 729 ut
367 666 489 747 petebas
508 666 678 747 Libitinam,
702 669 751 727 viu
774 673 875 726 tamen
899 684 948 726 me
969 674 1107 747 tempere,

91 760 163 838 quin
187 759 381 836 scriptionem
404 759 578 838 instaurem,
601 775 669 817 cum
688 758 787 816 norim
805 763 945 816 recentes
966 758 1107 818 amicitias

89 847 240 926 frequenti
264 848 410 907 sermonis
434 848 520 925 quasi
543 864 611 906 rore
632 845 773 906 fovendas
793 843 1015 924 augendasque.
1053 846 1106 906 Cur

89 936 118 996 id
152 937 247 1014 magis
275 935 379 1016 velim,
411 935 482 996 lacit
509 935 606 995 oblata
634 934 837 995 commoditas.
858 992 860 996 ,
882 933 1004 995 Mecum
1032 937 1106 995 enim

88 1024 137 1084 hic
165 1032 211 1085 est
241 1026 407 1085 communis
435 1026 523 1085 amici
546 1023 578 1085 D.
601 1016 847 1084 Wesembecii14⁷
875 1021 986 1083 scriba.
1034 1023 1105 1095 Quid

88 1109 203 1191 igitur?
226 1112 440 1174 Communibus
463 1112 543 1174 tubis
565 1120 596 1173 et
618 1131 694 1191 quae
718 1130 806 1173 aures
832 1113 964 1172 suaviter
989 1113 1106 1173 titillant

88 1204 133 1261 uti
158 1220 228 1262 sane
252 1201 379 1280 amplius
402 1220 463 1262 non
487 1202 581 1282 decet,
603 1204 706 1280 utpote
731 1203 783 1280 qui
806 1203 866 1262 iam
884 1202 1017 1262 invicem
1035 1201 1105 1263 alter

88 1288 215 1350 alterum
237 1290 330 1369 probe
349 1293 491 1352 norimus.
529 1290 631 1369 ltaque
650 1289 854 1369 praescribam
871 1287 928 1350 tibi
947 1290 1105 1371 exemplar,

88 1379 167 1458 quod
192 1382 219 1439 si
243 1381 393 1460 sequaris,
420 1398 573 1459 nunquam
596 1379 693 1440 deerit
715 1379 858 1458 deinceps
882 1378 963 1457 quod
987 1379 1105 1440 interlo

88 1487 223 1547 quamur.
271 1469 342 1529 Scin
366 1464 476 1548 quale?
516 1467 747 1529 Emendationes
771 1469 954 1547 suspiciosas
978 1468 1036 1529 tibi
1059 1488 1105 1547 og-

87 1576 188 1637 geram
212 1558 401 1620 examinandi
425 1576 521 1619 causa.
558 1557 596 1618 Et
618 1575 689 1618 vero
714 1576 824 1637 quaero
844 1575 861 1618 a
879 1564 919 1638 te,
940 1559 985 1617 mi
1005 1565 1104 1637 argute

86 1642 297 1729 Palaemon¹4⁸,
330 1647 401 1727 quid
435 1646 493 1707 sibi
524 1645 617 1707 velint
648 1646 698 1707 illa
717 1646 857 1728 ,Senecae
889 1647 977 1725 epist.
1007 1640 1105 1710 96¹⁴⁹z

85 1738 192 1798 Audiat
220 1738 303 1818 licet,
331 1735 581 1816 quemadmodum
610 1738 722 1796 servire
751 1738 783 1796 in
812 1735 968 1795 sacrificiis
993 1735 1105 1817 debeat,

86 1820 205 1907 quodi‘)
234 1824 339 1904 procul
366 1825 482 1886 resilire
514 1844 530 1885 a
557 1824 691 1908 molestis
720 1822 1001 1906 superstitionibus3
1030 1843 1103 1885 uun-

86 1932 174 1991 quam
199 1915 272 1973 satis
290 1914 458 1992 proiectum
477 1917 544 1994 erit,
567 1916 627 1974 nisi
645 1912 763 1993 qualem
782 1911 871 1974 debet
888 1911 985 1974 Deum
1003 1921 1103 1975 mente

86 2003 265 2079 conceperit.
303 2000 346 2062 Ita
365 2019 468 2062 omnes
488 2002 570 2083 editi,
594 2021 697 2064 omnes
717 2004 829 2082 scripti.
866 2001 1012 2064 Veniebat
1031 2003 1104 2064 milri

84 2091 116 2148 in
139 2097 270 2150 mentem
293 2090 417 2150 verbum
441 2094 595 2169 antiquum
618 2099 649 2152 et
671 2093 757 2153 cuius
780 2109 854 2152 usus
877 2092 909 2151 in
933 2093 1103 2154 sacrificiis:

83 2197 236 2257 nunquam
274 2182 347 2241 satis
383 2189 562 2258 prosectum.
613 2180 654 2241 lle
688 2199 746 2259 quo
778 2179 885 2241 Festus
918 2187 948 2241 et
981 2180 1103 2244 Plautus

82 2267 212 2331 Poenulo
231 2268 277 2331 Sc.
294 2265 357 2330 ‘Dii
375 2264 484 2330 illum'.
521 2269 603 2330 Idem
622 2269 745 2330 verbum
765 2288 831 2330 meo
851 2271 950 2330 animo
970 2277 1103 2350 aegrotat

82 2358 160 2437 apud
179 2357 375 2441 Lactantium,
398 2358 450 2419 ubi
473 2358 606 2437 loquitur
625 2359 660 2419 de
681 2358 785 2419 Crucis
805 2361 903 2438 signo:
927 2358 1015 2430 Quod
1035 2377 1102 2420 cum

81 2447 285 2524 intelligerent
316 2450 483 2530 aruspices,
522 2447 732 2525 instigantibus
765 2447 873 2508 iisdem
905 2446 1102 2510 daemonibus

81 2535 190 2614 quibus
213 2543 371 2613 proserant
389 2543 445 2596 etc.
482 2535 619 2615 Legerim
638 2536 778 2597 fidenter:
802 2535 912 2615 quibus
930 2544 1100 2616 prosecant

80 2623 239 2702 Specimen
267 2623 336 2684 dedi
364 2626 410 2684 rei
437 2627 502 2685 eius
508 2673 517 2706 ,
545 2644 633 2704 quam
661 2624 845 2703 intelligeres
868 2624 1017 2707 volebam3
1045 2645 1101 2687 nec

79 2712 164 2792 plura
188 2718 329 2794 annecto,
352 2711 490 2774 exclusus
514 2716 625 2794 iniquis
648 2717 793 2793 temporis
817 2715 930 2793 spatiis.
977 2713 1100 2778 Imitare

78 2810 178 2863 tamen
211 2820 273 2883 me,
310 2803 352 2862 mi
384 2805 487 2863 amice.
532 2802 607 2863 Nam
640 2803 718 2882 quod
751 2803 894 2864 hactenus
928 2801 1032 2885 sileas,
1069 2804 1100 2865 id

79 2893 186 2971 opinor
209 2891 278 2952 inde
304 2898 362 2952 est:
386 2910 445 2952 non
470 2891 570 2973 habes,
595 2892 673 2971 quod
697 2892 851 2953 commode
875 2891 995 2953 chartae
1019 2911 1100 2954 com·

78 2983 187 3043 mittas.
234 2979 334 3041 Salute
362 2999 460 3060 nuper
485 2999 534 3041 me
562 2980 659 3043 beasti
681 2987 740 3042 tua.
786 2981 827 3041 De
851 2999 886 3041 ea
908 2983 1020 3060 gratias
1045 2980 1101 3043 tibi

77 3068 169 3130 habui
202 3070 320 3150 pridem
351 3088 407 3149 per
433 3069 671 3132 Wesembecium
705 3089 814 3150 casque
847 3069 903 3131 tibi
929 3071 991 3131 iam
1013 3089 1100 3133 nunc

77 3160 197 3218 remitto
221 3161 400 3220 immensum
424 3166 526 3219 auctas
554 3161 664 3219 amoris
692 3159 876 3220 devotissimi
899 3177 980 3222 aura.
1026 3158 1099 3240 Epi·

78 3263 193 3324 gramm
218 3247 315 3326 aqnod
338 3266 355 3308 a
377 3256 408 3309 te
431 3246 601 3328 cupiebam,
628 3254 662 3307 ut
686 3248 896 3328 Suspicionum
918 3250 972 3308 uui
995 3248 1100 3311 libello

76 3334 308 3415 praefigeretur,
332 3337 416 3397 avide
440 3336 536 3397 adhuc
559 3344 692 3419 expecto,
714 3356 770 3398 nec
793 3335 952 3399 frustrabis
975 3356 1025 3401 me
1048 3358 1101 3403 eu-

140 3522 269 3596 &quam
287 3523 378 3583 hebet
398 3524 490 3584 editio
510 3523 694 3584 Gruleuiann.
