2370 3840
93 129 136 192 26
440 107 446 116 '
511 130 541 186 P.
560 128 671 185 uersu

81 283 168 342 unice
201 279 438 341 commendatum
471 297 538 341 csse
565 278 663 339 velim.
709 278 849 340 Ceterum
877 279 959 358 quod
987 282 1021 340 in
1050 279 1100 340 oda

82 369 208 448 quadam
231 388 311 451 mea,
333 377 493 448 antequam
516 369 552 429 ad
575 368 712 429 Rhenum
735 368 962 450 contenderem,
993 372 1100 449 rogari,

80 477 142 519 non
168 458 295 538 amplius
325 477 406 537 rogo.
452 457 527 519 Cum
555 460 634 519 enim
661 459 719 537 ipsi
747 457 876 518 areolam
907 465 1048 519 nostram
1074 466 1101 519 et

82 547 279 608 aedificiolum
308 541 351 632 (d.
379 548 407 608 h.
435 547 696 628 Hindergebeude,
723 545 851 608 welches
878 545 1039 629 haulellig,
1066 546 1100 608 ad

81 630 187 720 marg.)
220 636 447 698 instaurandum
479 635 682 716 contemplati,
713 637 914 696 necessariam
941 654 1025 718 esse,
1057 638 1100 697 rel

81 725 207 806 hospitis
235 720 339 786 mei¹⁰²
365 727 549 806 testimonio,
582 733 761 787 structuram
795 727 988 806 censueritis,
1023 725 1100 787 illam

82 817 177 894 ipsam
201 815 276 896 dico,
301 833 389 894 quam
412 823 480 875 ante
503 813 658 875 biennium
682 807 830 897 (nondum
852 822 954 876 tamen
976 809 1098 898 factam)

82 907 228 965 annuistis
252 905 331 984 fieri,
354 904 397 964 ihi
419 903 662 983 percommodum
686 905 820 964 construi
841 921 931 983 posse
954 903 1099 985 Museum,

80 1012 185 1054 versus
206 992 351 1054 Gabronis
375 993 503 1074 hortum,
521 1011 574 1054 vos
597 1000 712 1053 tantum
732 992 987 1054 commonefacere
1012 993 1098 1055 volui.

81 1081 166 1152 Quod
194 1101 231 1142 ne
259 1082 439 1163 negligatur,
468 1101 582 1161 operae·
595 1076 732 1160 'pretium
762 1090 816 1142 est.
862 1081 943 1142 Bene
972 1083 1038 1143 vale
1071 1090 1098 1143 et

81 1189 129 1230 me
152 1190 225 1231 ama.

125 1271 163 1359 (E
187 1276 315 1357 Gallia,
338 1279 416 1338 intra
439 1296 464 1339 a.
489 1272 582 1340 15841
599 1284 629 1338 et
653 1271 808 1360 1590)¹⁰³.

872 1365 1053 1429 Melissus.

258 1571 312 1644 24.
348 1575 384 1644 P.
406 1574 556 1643 llelissns
578 1575 616 1643 Η.
639 1574 915 1660 Baumgartncro.

79 1696 149 1753 Irni.
168 1697 273 1754 Paris.
637 1738 639 1742 v
882 1703 926 1754 25.
945 1698 998 1753 Iul.
1020 1704 1096 1756 1584.

146 1795 175 1854 S.
195 1793 226 1855 D.
255 1793 435 1874 Hieronymo
454 1794 686 1873 Baumgartnero
704 1796 861 1856 triumviro
884 1796 959 1874 reip.
979 1793 1096 1856 Norim-

78 1881 234 1961 bergensis
257 1883 448 1961 amplissimo.
495 1882 524 1944 9.
543 1887 620 1959 Any.
643 1884 737 1945 1584.

146 1969 221 2030 Cum
244 1989 364 2048 operam
386 1989 483 2031 meam
506 1974 553 2052 iis,
576 1990 703 2051 quorum
721 1975 840 2033 nomine
860 1990 978 2033 mecum
997 1981 1096 2036 actum

79 2059 184 2140 suerat,
207 2059 395 2140 addidissem,
419 2068 507 2139 atque
530 2080 579 2121 res
598 2069 720 2141 propter
739 2062 851 2123 luctum
869 2063 901 2122 in
920 2061 1001 2123 aliud
1021 2071 1096 2124 tem·
1138 2103 1144 2117 ·

78 2166 134 2227 pus
158 2150 269 2210 reiecta
292 2156 384 2229 esset,
412 2150 531 2231 accidit,
559 2157 592 2211 ut
614 2158 717 2230 postea
744 2145 978 2230 profectione1⁰4
999 2160 1095 2214 matu-

78 2237 170 2299 randa
183 2245 303 2318 praetor
317 2241 487 2318 opinionem
506 2240 613 2300 luerim
632 2242 892 2321 occupatissimum
911 2258 981 2300 nam
996 2245 1096 2302 omnia

78 2327 167 2388 simul
199 2329 303 2389 codem
335 2336 485 2389 momento
517 2329 685 2409 peragenda
718 2337 810 2390 erant.
861 2328 941 2413 Quae
973 2330 1095 2408 quidem

77 2417 289 2495 impedimento
308 2419 436 2500 inerunt,
460 2425 493 2479 ut
511 2418 585 2478 mihi
603 2436 663 2478 non
682 2417 800 2479 licuerit
818 2419 922 2479 amicis
941 2419 1095 2481 veteribus

77 2505 257 2586 valedicere,
278 2511 454 2585 praesertim
478 2506 546 2588 tibi,
574 2506 805 2586 Baumgartnere
828 2509 1095 2590 praestantissime,

78 2611 167 2672 quem
194 2596 255 2653 mei
282 2612 401 2674 semper
428 2598 663 2656 amantissimum
687 2596 997 2675 studiosissimumque
1026 2616 1093 2658 esse

78 2684 210 2762 cognovi.
256 2683 352 2754 Quare
376 2684 450 2744 mihi
472 2686 618 2766 ignoscaS,
646 2688 735 2746 etiam
767 2693 855 2764 atque
888 2687 978 2746 etiam
1010 2704 1093 2766 rogo.

77 2772 207 2852 Tempus
244 2791 292 2833 me
329 2771 450 2854 defecit,
486 2773 621 2834 voluntas
657 2792 845 2854 nequaquam
881 2775 955 2835 mihi
988 2774 1093 2837 defuit.

76 2859 217 2922 Rationes
245 2868 326 2924 certo
354 2862 474 2942 quidem
501 2863 655 2924 hominum
683 2863 880 2924 dimetiendas
908 2865 1032 2924 veniunt
1064 2874 1094 2926 et

77 2953 308 3013 circumstantiis
331 2957 509 3032 temporum.
547 2952 659 3024 Quodsi
679 2952 782 3013 saltem
801 2950 917 3013 diecula
939 2970 999 3013 una
1016 2954 1093 3015 mihi

76 3040 191 3120 reliqua
214 3042 332 3124 fuisset,
355 3041 492 3121 pluribus
516 3044 618 3120 utique
643 3042 868 3123 satisfecissem3
900 3049 988 3121 atque
1009 3041 1093 3124 adeo,

77 3132 146 3207 quia
168 3137 294 3192 tutemet
315 3130 394 3192 ultro
412 3130 550 3192 Housleri
572 3124 793 3211 typographi¹⁰⁵
816 3132 1000 3192 mentionem
1022 3132 1093 3192 inii-

77 3217 185 3299 ciehas,
208 3219 344 3300 ¹hominis
367 3223 399 3280 in
421 3222 554 3300 negotio,
587 3219 665 3299 quod
688 3220 762 3280 mihi
785 3238 853 3281 cum
876 3237 911 3280 oo
935 3227 994 3300 est,
1017 3222 1093 3282 insi·

77 3308 175 3385 gniter
202 3315 232 3367 et
259 3309 410 3369 mendacis
438 3316 468 3369 et
490 3309 686 3391 impudentis,
709 3309 740 3369 id
764 3317 822 3390 est,
854 3316 888 3369 ut
910 3327 969 3369 uno
998 3309 1092 3370 verbo

77 3395 182 3476 dicam,
200 3396 359 3475 perfrictae
378 3398 493 3478 frontis,
511 3398 739 3478 haudquaquam
757 3416 863 3478 passus
882 3398 1008 3459 fuissem
1026 3417 1093 3459 rem

71 3483 154 3543 illam
175 3486 221 3545 sic
243 3483 333 3545 abire.
373 3485 481 3548 Verum
506 3489 576 3568 quia
599 3494 668 3549 ante
690 3487 802 3548 testum
817 3485 971 3546 Paschatis
991 3487 1030 3546 de
1054 3507 1091 3548 eo
