2370 3840
112 198 157 264 20
541 197 612 255 Eob.
630 197 714 254 Hessi

114 350 245 428 aliquem
268 367 426 429 congeram
449 367 483 409 ac
507 348 704 429 contempler,
732 349 842 428 pudeat
871 366 942 409 sane
968 366 1032 429 me,
1061 346 1134 428 quod

111 438 192 499 nullo
220 439 256 499 ad
283 439 363 499 hunc
390 456 485 516 usque
514 437 594 497 diem
626 439 738 517 insigni
770 437 869 516 aliquo
897 439 1079 498 testimonio
1107 443 1133 497 te

112 529 270 609 allecerim,
293 529 452 607 praeconio
476 529 634 608 erexerim,
657 527 743 587 titulo
768 528 922 588 ornarim.·
943 526 1006 587 Sed
1026 529 1069 587 ita
1088 544 1131 587 me

112 626 211 678 ament
233 617 333 679 Musae
358 623 387 677 et
411 615 543 697 Gratiae,
569 616 743 676 iamdudum
765 615 823 676 tale
848 616 1005 695 quidpiam
1032 617 1134 696 gestio,

85 721 170 787 equo
197 725 298 767 meum
320 705 485 767 Draconem
512 704 559 764 vel
586 707 665 766 inter
693 705 842 766 semideos
867 705 976 766 heroas
999 708 1133 785 positum

110 795 340 856 immortalitatis
360 795 453 874 gloria
472 795 588 854 donem.
621 793 707 855 Nunc
726 800 832 875 orote,
852 812 916 854 rem
934 796 1028 855 istam
1046 794 1132 855 nobis

111 885 278 964 expeditam
302 884 345 945 da.
392 883 446 944 Est
468 885 549 944 enim
567 883 624 943 hoc
642 886 702 943 iam
721 885 848 943 maxime
868 885 1085 962 tempestivum
1105 890 1132 943 et

111 982 321 1053 opportunum.
354 973 439 1045 Quod
464 975 490 1033 si
508 975 759 1051 procrastinatum
777 974 835 1033 erit
855 973 1019 1054 negotium,
1045 973 1133 1034 luerit

111 1067 201 1123 etiam
220 1066 371 1123 amissum.
400 1061 482 1122 Nihil
499 1061 555 1122 tibi
574 1061 705 1122 decedet.
734 1061 796 1141 Ego
815 1069 884 1141 post
904 1061 1029 1141 paulum
1049 1062 1135 1123 tidem

76 1168 99 1208 ro
113 1160 194 1212 tuam
221 1152 361 1212 liberabo.
408 1151 469 1211 Iam
497 1153 578 1211 enim
610 1151 728 1211 fortuna
759 1150 863 1211 orbem
892 1153 985 1211 istum
1009 1153 1135 1213 circum·

114 1244 175 1318 agit
198 1243 345 1319 spiratura
373 1239 510 1301 blandior
538 1259 571 1300 ac
599 1238 714 1300 melior.
760 1239 804 1300 Ex
834 1239 930 1300 literis
954 1241 1134 1301 victitamus.

114 1329 176 1389 Tuo
201 1347 271 1388 vero
296 1328 405 1389 anxilio
429 1348 489 1389 non
513 1329 600 1389 modo
625 1347 812 1408 emergemus
836 1328 937 1409 altius,
969 1328 1023 1389 sed
1049 1331 1136 1390 etiam

114 1418 242 1497 gloriose
266 1419 451 1497 triumphum
479 1417 564 1478 illum
591 1416 759 1497 paschalem
784 1415 994 1497 spectabimus.
1043 1417 1134 1479 Hodie

114 1510 227 1587 primae
258 1508 362 1568 decadi
389 1508 527 1567 Livianae
558 1507 754 1586 colophonem
785 1509 991 1586 imposuimus.
1043 1507 1137 1579 Quae.

75 1612 100 1652 1⁵
114 1600 222 1658 sissem
244 1605 273 1659 te
297 1597 386 1678 domi,
409 1599 442 1657 ni
464 1597 569 1658 luisset
593 1599 624 1656 in
647 1598 745 1656 animo
770 1596 912 1678 scribere,
935 1614 1012 1675 quae
1034 1615 1134 1658 coram

112 1687 184 1748 adeo
203 1706 263 1748 non
283 1687 436 1748 audebam.
461 1687 526 1747 Scis
545 1688 626 1746 enim
645 1688 744 1746 minus
764 1684 922 1764 epistolam
940 1684 1130 1748 erubescere.

111 1776 206 1847 Quam
229 1779 359 1837 suaviter
381 1777 448 1835 heri
471 1794 525 1835 nos
548 1773 692 1835 habuisti!
723 1793 813 1854 quam
836 1774 953 1835 dulcem
978 1793 1129 1856 quamque

111 1867 224 1942 regiam
247 1883 351 1925 cenam
374 1863 498 1924 dedisti!
523 1866 574 1941 qui
598 1863 689 1924 sales!
714 1882 789 1942 quae
809 1861 945 1924 facetiae!
971 1863 1055 1925 Nihil
1074 1867 1131 1925 ista

112 1953 327 2013 consuetudine
351 1951 515 2031 amabilius,
538 1951 612 2011 nihil
635 1955 693 2012 isto
718 1955 856 2013 convictu
878 1953 1050 2015 formosius

75 2099 102 2139 ao
227 2073 355 2135 Sicubi
380 2077 567 2155 conveniunt,
590 2083 718 2136 tractent
743 2078 876 2136 convivia
898 2075 1000 2137 Musae

285 2163 322 2223 Et
346 2163 470 2224 blandae
494 2163 624 2224 Veneres
648 2173 678 2225 et
700 2167 803 2226 niveae
828 2164 971 2227 Charites

117 2308 176 2368 Sed
199 2326 236 2368 ne
260 2315 364 2387 poeter
388 2310 477 2368 etiam
500 2326 589 2389 nnnc,
613 2326 680 2367 cum
707 2306 778 2368 licet
801 2309 937 2390 minime,
964 2310 1039 2370 satis
1062 2309 1134 2370 haec

117 2397 153 2457 ad
176 2403 206 2457 te
229 2416 317 2458 nunc.
363 2396 490 2478 Valebis,
518 2399 560 2457 mi
588 2397 741 2457 carissime
770 2396 878 2479 Draco,
910 2398 1074 2480 faciesque,
1103 2406 1136 2459 ut

117 2488 211 2544 simus
234 2504 292 2545 una
315 2485 412 2546 hodie.
458 2486 561 2546 Aderit
584 2493 613 2546 et
636 2484 780 2546 Martinus
803 2493 915 2547 noster.
961 2487 1021 2548 Sed
1046 2484 1135 2550 heus!

77 2596 103 2638 25
117 2574 266 2653 placetne,
296 2581 329 2633 ut
356 2572 403 2634 vel
424 2575 512 2635 hodie
536 2574 582 2634 vel
610 2593 676 2634 cras
704 2574 850 2635 cucullato
878 2575 967 2637 alicui
999 2579 1135 2640 insusur-

192 2785 207 2834 1
227 2779 377 2836 coniiciam
396 2780 482 2849 atque
528 2797 613 2848 quam
631 2797 714 2850 porro
732 2798 778 2844 me
796 2781 894 2853 pudet,
914 2782 990 2851 quod
1007 2783 1089 2840 nullo
1106 2786 1136 2839 te

120 2852 212 2907 adhuc
230 2851 394 2906 testimonio
412 2851 519 2922 insigni
537 2850 679 2907 effecerim
769 2858 786 2907 3
806 2853 1088 2928 Sed—Draconem]
1106 2855 1137 2909 id

120 2926 176 2992 est,
201 2925 359 2979 Draconem
384 2940 477 2978 meum
503 2923 629 2979 animum
719 2923 884 2979 odonarim
957 2923 1012 2978 Sed
1038 2942 1089 2982 oro
1107 2929 1136 2982 tc

119 2995 312 3064 nihilominus,
331 2995 431 3064 Draco,
450 3013 501 3066 per
520 2994 676 3050 amicitiam
689 2997 816 3049 nostram
829 2995 875 3049 vel
890 2994 951 3050 sine
964 2994 1038 3051 meis
1056 2996 1136 3053 tasti-

119 3067 222 3122 moniis
242 3070 272 3122 et
290 3066 414 3122 divinam
434 3072 463 3122 et
481 3069 638 3136 aeternam,
661 3069 694 3121 nt
711 3082 772 3121 rarn
789 3065 872 3121 nobis
891 3065 976 3120 istam
993 3085 1071 3124 nunc
1090 3085 1137 3124 ex-

120 3137 247 3207 peditam
267 3139 329 3209 des,
353 3157 439 3207 quum
461 3138 582 3192 maxime
608 3139 810 3207 tempestivum
827 3140 857 3192 at
874 3140 1067 3208 opportunum
1085 3142 1136 3195 ast

118 3208 204 3262 Nosti
221 3209 414 3279 proverbium:
435 3210 538 3265 Fronte
558 3208 701 3279 capillata,
721 3211 787 3278 post
801 3211 845 3263 est
859 3209 970 3265 occasio
985 3209 1077 3267 calva.
1106 3210 1136 3266 Si

119 3279 357 3349 procrastinatum
386 3298 453 3351 ergo
481 3279 631 3351 negocium
649 3279 748 3347 fuerit,
771 3280 857 3334 fuerit
880 3282 966 3335 etiam
990 3281 1135 3337 amissum.

119 3350 258 3406 Hodie..
350 3357 384 3405 14
403 3351 588 3422 colophonem
612 3351 699 3422 (quod
718 3350 832 3421 dicitur)
919 3357 952 3406 15
971 3350 1002 3406 ni
1020 3384 1055 3394 -
1076 3370 1137 3409 eru·

119 3422 245 3494 bescere]
266 3423 289 3476 si
308 3422 383 3476 solus
401 3421 503 3476 fuisses
555 3429 587 3476 17
608 3440 692 3491 quam
711 3422 849 3477 dulciter?
868 3440 952 3492 quam
971 3423 1069 3494 regie?
1088 3423 1137 3495 qui

112 3492 211 3547 sales?
283 3498 317 3548 18
333 3492 416 3548 Nihil
433 3493 502 3566 ista]
522 3493 564 3547 nil
581 3497 633 3548 tna
714 3498 748 3547 re
766 3492 849 3547 Nihil
864 3493 937 3565 isto}
952 3493 995 3548 nil
1012 3497 1064 3552 buo

96 3568 138 3615 22
153 3566 371 3641 eum-nunc]
387 3565 462 3624 haec
482 3565 522 3622 ad
539 3568 572 3622 te
593 3565 667 3622 satis
714 3562 883 3618 'athonis
898 3579 959 3614 una
1004 3565 1142 3618 huenb-
