2370 3840
512 179 649 252 epistolae
1025 183 1088 248 103

69 336 190 415 opinor,
205 334 308 393 aetatis
323 348 400 392 anno
417 326 468 392 14.
482 330 519 392 ad
534 338 651 392 exteros
666 349 735 391 mox
750 331 941 411 ablegabitur.
970 331 1088 413 Ergone

67 422 223 484 molestias
247 429 277 482 et
300 439 401 501 euraS,
430 439 504 499 quae
528 423 561 480 in
583 420 663 480 illius
691 420 817 481 tenellae
841 425 946 482 aetatis
969 425 1088 484 institu-

69 515 154 573 tione
182 518 213 571 et
240 512 385 589 regimine
413 508 603 570 difficillimae
631 528 698 570 esse
727 510 873 591 adsolent,
906 514 991 590 quasi
1021 531 1088 591 pre-

70 602 231 663 tiosissimi
257 601 401 678 temporis
427 598 583 680 prodigus,
611 598 722 659 frustra
749 599 778 660 b.
802 618 826 660 e.
856 602 920 660 sine
952 600 1089 661 ulteriori

69 691 311 770 peregrinatione
340 681 407 772 (qui
435 705 544 766 scopus
571 687 646 747 mihi
673 691 833 767 primarius
862 682 921 772 est)
955 707 1009 768 ego
1037 689 1088 750 de-

68 796 224 840 vorassem
248 784 278 838 11
299 773 550 855 insumpsissem?
573 777 702 857 Accedit,
726 777 804 856 quod
824 778 976 858 religionis
999 796 1089 857 nego-

69 872 147 930 tium
180 867 274 928 futuri
305 865 483 926 Maecenatis
516 867 647 927 animum
684 865 769 926 laeile
807 869 964 928 immutare
1000 886 1088 946 posse

68 958 208 1017 rideatur
231 975 265 1017 ac
288 974 304 1015 a
327 973 375 1015 mo
399 953 574 1016 abalienare.
620 953 814 1016 Dissimulare
843 964 964 1017 eatenus
988 956 1089 1037 didici,

71 1052 223 1126 quatenus
241 1046 346 1124 pietati
364 1051 394 1104 et
412 1046 612 1104 conscientiae
631 1062 691 1104 non
709 1045 743 1105 fit
760 1046 985 1124 praeiudicium.
1013 1045 1089 1107 Con-

69 1137 196 1196 trariam
219 1134 437 1194 consessionem
455 1151 578 1212 possum
596 1151 656 1193 non
675 1152 855 1216 oppugnare,
879 1137 1090 1195 controversiis

69 1223 233 1304 abstinere,
257 1224 411 1283 contiones
434 1220 672 1282 Lutheranorum
697 1223 799 1283 sedulo
824 1217 917 1308 (quod
941 1231 971 1285 et
994 1224 1089 1285 111101-

70 1313 136 1393 pbii
168 1305 293 1395 factum)
327 1311 531 1392 frequentare,
569 1311 621 1371 sed
653 1330 773 1372 mensae
806 1315 939 1392 ipsorum
972 1322 1090 1375 sanctae

69 1403 293 1462 communicare
334 1419 395 1460 non
435 1418 567 1479 possum.
627 1400 659 1460 Si
690 1403 781 1479 igitur
817 1402 872 1463 bac
909 1404 1091 1464 abstinerem

70 1491 201 1571 diutius,
228 1508 266 1549 an
292 1508 353 1550 non
379 1489 450 1549 binc
478 1490 598 1550 sinistre
628 1490 799 1569 suspicandi
827 1494 1015 1553 occasionem
1042 1492 1091 1552 bic

70 1580 122 1640 1111
146 1575 314 1658 arriperet?
359 1577 440 1650 Quae
464 1577 501 1638 de
525 1577 631 1638 salario
660 1586 689 1638 11
711 1585 793 1638 reste
822 1580 945 1640 antebac
973 1582 1090 1659 scripsi,

69 1687 132 1729 non
156 1667 295 1728 ridentur
317 1667 439 1728 modum
467 1667 626 1748 excedere,
658 1685 788 1746 appensa
815 1667 864 1728 illa
893 1668 1089 1728 adolescentis

71 1764 182 1838 aetate,
213 1756 263 1817 illa
295 1775 360 1816 mea
393 1749 498 1840 (quam
530 1757 676 1836 spopondi
705 1763 735 1817 et
762 1759 826 1817 noti
858 1775 961 1818 omnes
990 1763 1090 1817 notam

70 1839 197 1929 habeut)
225 1845 283 1906 fide
311 1852 341 1905 et
363 1845 519 1906 industria.
565 1845 713 1925 Quicquid
742 1853 842 1907 tamen
864 1847 919 1907 bac
942 1849 974 1906 in
997 1864 1029 1906 re
1053 1845 1090 1906 ab

70 1937 102 1997 Α.
121 1935 153 1996 V.
173 1934 347 1996 conclusum
365 1935 465 2015 fuerit,
482 1933 557 1994 nihil
575 1953 623 1995 me
643 1936 780 2017 offendet,
799 1936 887 1996 modo
906 1936 1089 1997 desiderium

70 2043 173 2086 meum
195 2026 228 2084 in
251 2023 375 2103 reliquis
398 2023 451 2083 lin.
471 2023 579 2084 Consil.
599 2023 715 2084 Caesar.
740 2044 799 2085 uon
819 2026 985 2086 offenderit.
1014 2025 1090 2085 'lan-

72 2115 141 2175 dem
165 2133 201 2174 eo
224 2111 347 2173 inclinat
369 2115 500 2173 animus:
533 2114 559 2172 si
582 2113 675 2191 bmpl.
699 2112 820 2174 Vestrae
845 2133 913 2193 spes
938 2118 986 2195 sit,
1009 2113 1089 2174 obla·

70 2210 136 2265 tum
159 2204 200 2263 iri
221 2201 278 2262 boc
296 2203 434 2262 semestri
453 2203 563 2262 aestivo
583 2202 711 2262 similem
730 2201 858 2280 aliquam
882 2204 1092 2283 conditionem,

70 2291 294 2354 conditionibus
321 2290 473 2351 faciendae
500 2297 599 2351 tantae
627 2293 658 2350 in
686 2290 784 2350 Germ.
813 2299 863 2351 aut
890 2289 960 2350 Rob.
990 2308 1090 2350 morae

70 2389 239 2462 carentem,
269 2379 357 2440 malle
384 2397 432 2440 me
461 2398 539 2460 eam,
572 2381 688 2440 etiamsi
716 2378 816 2439 salarii
848 2386 987 2458 respectu
1015 2381 1091 2439 lorte

71 2474 173 2532 minus
200 2469 319 2552 lautam,
342 2475 513 2550 expectare,
538 2487 626 2548 quam
649 2469 719 2529 huic
742 2486 857 2528 morem
879 2486 991 2547 gerere.
1039 2469 1092 2529 Sin

71 2580 143 2622 roro
174 2577 275 2639 secus,
308 2558 344 2618 ad
368 2576 478 2618 annum
506 2576 574 2619 cum
601 2557 657 2618 boc
691 2557 878 2618 adolescente
900 2556 1012 2637 Pragae
1044 2577 1092 2618 me

71 2650 250 2711 duraturum
274 2647 434 2727 obligaret,
464 2646 552 2706 modo
581 2654 649 2727 post
671 2646 717 2706 vel
741 2666 808 2708 cum
834 2647 938 2707 eodem
962 2641 1004 2730 (si
1026 2655 1093 2707 vota

71 2738 147 2800 Dnn.
170 2743 329 2816 parentum
352 2729 524 2820 arriserint)
549 2736 584 2796 ad
608 2743 727 2796 exteros
751 2736 920 2797 abeundum
944 2743 1024 2795 esset
1046 2735 1093 2795 vel

71 2830 224 2906 integrum
246 2825 321 2885 mihi
344 2832 492 2906 maneret,
518 2834 553 2885 ut
576 2825 612 2885 de
636 2825 691 2885 alia
723 2827 893 2885 conditione
923 2824 1000 2902 apud
1023 2841 1092 2902 pro-

70 2934 158 2978 ceres
182 2913 341 2974 B0bemiae
363 2914 437 2974 mibi
464 2917 523 2993 ipsi
546 2916 763 2994 prospicerem,
792 2932 850 2993 quo
878 2913 968 2972 finem
992 2930 1093 2972 meum

70 3008 163 3067 citius
191 3021 375 3082 assequerer.
421 3003 561 3064 Rationes
590 3003 769 3064 deliberatae
797 3002 887 3062 buius
916 3018 999 3060 meae
1023 3019 1092 3061 cum

70 3095 133 3156 Deo
166 3093 327 3153 voluntatis
359 3095 431 3152 istas
464 3092 572 3152 babeo:
605 3095 694 3152 etiarn
722 3091 832 3169 Pragae
860 3089 936 3149 Deos
967 3090 1092 3172 luturoS,

71 3183 186 3245 ibidem
209 3199 328 3262 quoque
351 3200 399 3241 me
422 3181 584 3260 perillum
608 3199 718 3241 annum
742 3182 773 3239 in
797 3179 906 3239 11111111
930 3186 960 3238 11
982 3179 1092 3258 linguis

70 3273 220 3353 proficere
239 3288 337 3352 posse,
361 3272 425 3331 sine
445 3273 526 3331 omni
544 3288 611 3330 meo
632 3276 760 3349 sumptu,
780 3267 881 3346 aliquo
906 3270 995 3328 etiam
1014 3288 1094 3330 com·
1132 3344 1134 3347 Ι

68 3361 197 3443 pendio,
227 3359 351 3420 lustrata
374 3362 497 3439 insuper
521 3359 590 3419 sede
615 3358 772 3438 Caesarea,
794 3364 896 3437 parata
918 3376 1094 3437 magnorum

68 3451 114 3512 ibi
137 3451 272 3510 virorum
295 3448 392 3528 aliqua
415 3448 616 3509 familiaritate
637 3455 668 3510 ct
684 3450 806 3512 notitia.
836 3446 923 3519 Quid
932 3449 1033 3524 'xqutur
1046 3448 1111 3500 'xm-

61 3539 196 3618 pediret,
230 3539 389 3614 quominus
411 3538 663 3623 ,Heidelbergam
688 3560 749 3624 per
784 3555 908 3602 aunum
936 3534 1045 3593 ierme
1070 3529 1147 3580 'xm
