<?xml version="1.0" encoding="UTF-8"?>
<!DOCTYPE html PUBLIC "-//W3C//DTD XHTML 1.0 Transitional//EN"
    "http://www.w3.org/TR/xhtml1/DTD/xhtml1-transitional.dtd">
<html xmlns="http://www.w3.org/1999/xhtml" xml:lang="en" lang="en">
 <head>
  <title>
</title>
<meta http-equiv="Content-Type" content="text/html;charset=utf-8" />
  <meta name='ocr-system' content='tesseract 3.04.00' />
  <meta name='ocr-capabilities' content='ocr_page ocr_carea ocr_par ocr_line ocrx_word'/>
</head>
<body>
  <div class='ocr_page' id='page_1' title='image "./virorumclarorum00meligoog_0131.png"; bbox 0 0 2370 3840; ppageno 0'>
   <div class='ocr_carea' id='block_1_1' title="bbox 102 131 721 207">
    <p class='ocr_par' dir='ltr' id='par_1_1' title="bbox 102 131 721 207">
     <span class='ocr_line' id='line_1_1' title="bbox 102 131 721 207; baseline -0.003 -20"><span class='ocrx_word' id='word_1_1' title='bbox 102 135 167 207; x_wconf 84' lang='lat'>114</span> <span class='ocrx_word' id='word_1_2' title='bbox 392 139 394 142; x_wconf 80' lang='grc'><strong>’</strong></span> <span class='ocrx_word' id='word_1_3' title='bbox 496 134 531 188; x_wconf 94' lang='grc' dir='ltr'>Η.</span> <span class='ocrx_word' id='word_1_4' title='bbox 550 131 721 202; x_wconf 83' lang='lat' dir='ltr'>Thederingi</span> 
     </span>
    </p>
   </div>
   <div class='ocr_carea' id='block_1_2' title="bbox 55 282 1130 3574">
    <p class='ocr_par' dir='ltr' id='par_1_2' title="bbox 55 282 1130 3574">
     <span class='ocr_line' id='line_1_2' title="bbox 103 282 1127 363; baseline -0.004 -17"><span class='ocrx_word' id='word_1_5' title='bbox 103 293 133 346; x_wconf 90' lang='lat' dir='ltr'>et</span> <span class='ocrx_word' id='word_1_6' title='bbox 162 284 261 344; x_wconf 85' lang='lat' dir='ltr'>dolore</span> <span class='ocrx_word' id='word_1_7' title='bbox 290 285 370 343; x_wconf 84' lang='lat' dir='ltr'>vices</span> <span class='ocrx_word' id='word_1_8' title='bbox 397 282 463 343; x_wconf 92' lang='lat' dir='ltr'>illas</span> <span class='ocrx_word' id='word_1_9' title='bbox 489 291 555 342; x_wconf 92' lang='lat' dir='ltr'>tuas</span> <span class='ocrx_word' id='word_1_10' title='bbox 579 284 650 343; x_wconf 87' lang='lat' dir='ltr'>satis</span> <span class='ocrx_word' id='word_1_11' title='bbox 674 300 734 342; x_wconf 93' lang='lat' dir='ltr'>non</span> <span class='ocrx_word' id='word_1_12' title='bbox 757 284 856 363; x_wconf 92' lang='lat' dir='ltr'>potui,</span> <span class='ocrx_word' id='word_1_13' title='bbox 885 282 965 360; x_wconf 92' lang='lat' dir='ltr'>quod</span> <span class='ocrx_word' id='word_1_14' title='bbox 988 300 1045 361; x_wconf 94' lang='lat' dir='ltr'>pro</span> <span class='ocrx_word' id='word_1_15' title='bbox 1070 284 1127 342; x_wconf 90' lang='lat' dir='ltr'>im·</span> 
     </span>
     <span class='ocr_line' id='line_1_3' title="bbox 102 371 1126 450; baseline -0.003 -16"><span class='ocrx_word' id='word_1_16' title='bbox 102 376 214 434; x_wconf 83' lang='lat' dir='ltr'>mensis</span> <span class='ocrx_word' id='word_1_17' title='bbox 242 372 387 432; x_wconf 89' lang='lat' dir='ltr'>molestiis</span> <span class='ocrx_word' id='word_1_18' title='bbox 410 391 444 432; x_wconf 88' lang='lat' dir='ltr'>ac</span> <span class='ocrx_word' id='word_1_19' title='bbox 468 371 611 450; x_wconf 79' lang='lat' dir='ltr'>periculis</span> <span class='ocrx_word' id='word_1_20' title='bbox 634 371 677 431; x_wconf 94' lang='lat' dir='ltr'>nil</span> <span class='ocrx_word' id='word_1_21' title='bbox 700 373 760 431; x_wconf 89' lang='lat' dir='ltr'>nisi</span> <span class='ocrx_word' id='word_1_22' title='bbox 784 373 915 448; x_wconf 91' lang='lat' dir='ltr'>ingratas</span> <span class='ocrx_word' id='word_1_23' title='bbox 939 373 1054 450; x_wconf 82' lang='lat' dir='ltr'>gratias</span> <span class='ocrx_word' id='word_1_24' title='bbox 1079 389 1126 431; x_wconf 91' lang='lat' dir='ltr'>re·</span> 
     </span>
     <span class='ocr_line' id='line_1_4' title="bbox 102 460 1126 541; baseline -0.003 -18"><span class='ocrx_word' id='word_1_25' title='bbox 102 462 216 523; x_wconf 90' lang='lat' dir='ltr'>tuleris.</span> <span class='ocrx_word' id='word_1_26' title='bbox 255 461 316 540; x_wconf 89' lang='lat' dir='ltr'>Ego</span> <span class='ocrx_word' id='word_1_27' title='bbox 336 460 435 521; x_wconf 83' lang='lat' dir='ltr'>divino</span> <span class='ocrx_word' id='word_1_28' title='bbox 454 479 577 521; x_wconf 91' lang='lat' dir='ltr'>munere</span> <span class='ocrx_word' id='word_1_29' title='bbox 598 462 746 521; x_wconf 91' lang='lat' dir='ltr'>contraria</span> <span class='ocrx_word' id='word_1_30' title='bbox 766 461 864 520; x_wconf 92' lang='lat' dir='ltr'>omnia</span> <span class='ocrx_word' id='word_1_31' title='bbox 884 478 951 520; x_wconf 92' lang='lat' dir='ltr'>sum</span> <span class='ocrx_word' id='word_1_32' title='bbox 970 468 1126 541; x_wconf 70' lang='lat' dir='ltr'>expertus</span> 
     </span>
     <span class='ocr_line' id='line_1_5' title="bbox 102 548 1126 628; baseline -0.003 -17"><span class='ocrx_word' id='word_1_33' title='bbox 102 552 316 614; x_wconf 80' lang='lat' dir='ltr'>humanissime</span> <span class='ocrx_word' id='word_1_34' title='bbox 353 549 467 611; x_wconf 86' lang='lat' dir='ltr'>scilieet</span> <span class='ocrx_word' id='word_1_35' title='bbox 504 569 520 610; x_wconf 93' lang='lat' dir='ltr'>a</span> <span class='ocrx_word' id='word_1_36' title='bbox 554 549 672 628; x_wconf 82' lang='lat' dir='ltr'>Magnis.</span> <span class='ocrx_word' id='word_1_37' title='bbox 706 548 759 609; x_wconf 84' lang='lat' dir='ltr'>Dn.</span> <span class='ocrx_word' id='word_1_38' title='bbox 793 548 970 611; x_wconf 85' lang='lat' dir='ltr'>Consiliario</span> <span class='ocrx_word' id='word_1_39' title='bbox 1004 549 1126 609; x_wconf 84' lang='lat' dir='ltr'>Caesar.</span> 
     </span>
     <span class='ocr_line' id='line_1_6' title="bbox 103 637 1127 719; baseline -0.003 -18"><span class='ocrx_word' id='word_1_40' title='bbox 103 640 155 701; x_wconf 86' lang='lat' dir='ltr'>Dn.</span> <span class='ocrx_word' id='word_1_41' title='bbox 188 639 398 701; x_wconf 82' lang='lat' dir='ltr'>Marco-Coun.</span> <span class='ocrx_word' id='word_1_42' title='bbox 436 657 452 699; x_wconf 93' lang='lat' dir='ltr'>a</span> <span class='ocrx_word' id='word_1_43' title='bbox 483 638 649 717; x_wconf 88' lang='lat' dir='ltr'>Rehlingen</span> <span class='ocrx_word' id='word_1_44' title='bbox 684 637 731 699; x_wconf 86' lang='lat' dir='ltr'>bis</span> <span class='ocrx_word' id='word_1_45' title='bbox 763 645 920 719; x_wconf 82' lang='lat' dir='ltr'>exceptus,</span> <span class='ocrx_word' id='word_1_46' title='bbox 957 638 1127 701; x_wconf 82' lang='lat' dir='ltr'>honorifice</span> 
     </span>
     <span class='ocr_line' id='line_1_7' title="bbox 103 728 1126 809; baseline -0.003 -19"><span class='ocrx_word' id='word_1_47' title='bbox 103 748 222 809; x_wconf 83' lang='lat' dir='ltr'>semper</span> <span class='ocrx_word' id='word_1_48' title='bbox 248 728 367 790; x_wconf 91' lang='lat' dir='ltr'>habitus</span> <span class='ocrx_word' id='word_1_49' title='bbox 395 735 425 788; x_wconf 90' lang='lat' dir='ltr'>et</span> <span class='ocrx_word' id='word_1_50' title='bbox 450 746 518 788; x_wconf 94' lang='lat' dir='ltr'>cum</span> <span class='ocrx_word' id='word_1_51' title='bbox 541 729 757 788; x_wconf 82' lang='lat' dir='ltr'>contestatione</span> <span class='ocrx_word' id='word_1_52' title='bbox 782 744 914 788; x_wconf 90' lang='lat' dir='ltr'>summae</span> <span class='ocrx_word' id='word_1_53' title='bbox 939 734 969 788; x_wconf 92' lang='lat' dir='ltr'>et</span> <span class='ocrx_word' id='word_1_54' title='bbox 991 745 1126 807; x_wconf 92' lang='lat' dir='ltr'>propen-</span> 
     </span>
     <span class='ocr_line' id='line_1_8' title="bbox 105 815 1127 895; baseline -0.002 -16"><span class='ocrx_word' id='word_1_55' title='bbox 105 821 239 879; x_wconf 87' lang='lat' dir='ltr'>sissimae</span> <span class='ocrx_word' id='word_1_56' title='bbox 268 820 299 877; x_wconf 94' lang='lat' dir='ltr'>in</span> <span class='ocrx_word' id='word_1_57' title='bbox 327 835 375 878; x_wconf 91' lang='lat' dir='ltr'>me</span> <span class='ocrx_word' id='word_1_58' title='bbox 398 816 557 886; x_wconf 86' lang='lat' dir='ltr'>voluntatis</span> <span class='ocrx_word' id='word_1_59' title='bbox 579 815 698 878; x_wconf 91' lang='lat' dir='ltr'>tandem</span> <span class='ocrx_word' id='word_1_60' title='bbox 723 816 872 877; x_wconf 81' lang='lat' dir='ltr'>dimissus</span> <span class='ocrx_word' id='word_1_61' title='bbox 919 815 1127 895; x_wconf 80' lang='lat' dir='ltr'>Quaecunque</span> 
     </span>
     <span class='ocr_line' id='line_1_9' title="bbox 102 905 1127 988; baseline -0.003 -20"><span class='ocrx_word' id='word_1_62' title='bbox 102 911 134 968; x_wconf 90' lang='lat' dir='ltr'>in</span> <span class='ocrx_word' id='word_1_63' title='bbox 168 908 221 969; x_wconf 87' lang='lat' dir='ltr'>tilii</span> <span class='ocrx_word' id='word_1_64' title='bbox 253 909 347 988; x_wconf 91' lang='lat' dir='ltr'>ipsius</span> <span class='ocrx_word' id='word_1_65' title='bbox 380 905 539 968; x_wconf 86' lang='lat' dir='ltr'>utilitatem</span> <span class='ocrx_word' id='word_1_66' title='bbox 569 905 711 987; x_wconf 85' lang='lat' dir='ltr'>expendi,</span> <span class='ocrx_word' id='word_1_67' title='bbox 743 911 826 983; x_wconf 87' lang='lat' dir='ltr'>grata</span> <span class='ocrx_word' id='word_1_68' title='bbox 858 923 893 965; x_wconf 93' lang='lat' dir='ltr'>ac</span> <span class='ocrx_word' id='word_1_69' title='bbox 924 912 988 966; x_wconf 92' lang='lat' dir='ltr'>rata</span> <span class='ocrx_word' id='word_1_70' title='bbox 1025 908 1127 965; x_wconf 90' lang='lat' dir='ltr'>omnia</span> 
     </span>
     <span class='ocr_line' id='line_1_10' title="bbox 103 993 1128 1077; baseline -0.003 -20"><span class='ocrx_word' id='word_1_71' title='bbox 103 996 215 1077; x_wconf 87' lang='lat' dir='ltr'>habuit,</span> <span class='ocrx_word' id='word_1_72' title='bbox 238 997 328 1058; x_wconf 89' lang='lat' dir='ltr'>immo</span> <span class='ocrx_word' id='word_1_73' title='bbox 352 993 477 1057; x_wconf 88' lang='lat' dir='ltr'>miratus</span> <span class='ocrx_word' id='word_1_74' title='bbox 497 1002 542 1056; x_wconf 90' lang='lat' dir='ltr'>est</span> <span class='ocrx_word' id='word_1_75' title='bbox 560 993 761 1055; x_wconf 85' lang='lat' dir='ltr'>mediocribus</span> <span class='ocrx_word' id='word_1_76' title='bbox 781 1001 812 1054; x_wconf 89' lang='lat' dir='ltr'>ct</span> <span class='ocrx_word' id='word_1_77' title='bbox 829 993 1039 1055; x_wconf 89' lang='lat' dir='ltr'>tolerabilibus</span> <span class='ocrx_word' id='word_1_78' title='bbox 1060 997 1128 1054; x_wconf 86' lang='lat' dir='ltr'>istis</span> 
     </span>
     <span class='ocr_line' id='line_1_11' title="bbox 104 1082 1128 1165; baseline -0.002 -19"><span class='ocrx_word' id='word_1_79' title='bbox 104 1085 271 1165; x_wconf 84' lang='lat' dir='ltr'>sumptibus</span> <span class='ocrx_word' id='word_1_80' title='bbox 309 1087 478 1147; x_wconf 86' lang='lat' dir='ltr'>nniversam</span> <span class='ocrx_word' id='word_1_81' title='bbox 515 1082 639 1147; x_wconf 88' lang='lat' dir='ltr'>Galliam</span> <span class='ocrx_word' id='word_1_82' title='bbox 676 1089 706 1144; x_wconf 87' lang='lat' dir='ltr'>ct</span> <span class='ocrx_word' id='word_1_83' title='bbox 737 1082 852 1144; x_wconf 90' lang='lat' dir='ltr'>ltaliam</span> <span class='ocrx_word' id='word_1_84' title='bbox 883 1101 939 1163; x_wconf 89' lang='lat' dir='ltr'>per</span> <span class='ocrx_word' id='word_1_85' title='bbox 971 1085 1128 1162; x_wconf 85' lang='lat' dir='ltr'>integrum</span> 
     </span>
     <span class='ocr_line' id='line_1_12' title="bbox 104 1169 1129 1253; baseline -0.004 -17"><span class='ocrx_word' id='word_1_86' title='bbox 104 1176 197 1236; x_wconf 89' lang='lat' dir='ltr'>lerme</span> <span class='ocrx_word' id='word_1_87' title='bbox 235 1175 474 1253; x_wconf 87' lang='lat' dir='ltr'>quinquennium</span> <span class='ocrx_word' id='word_1_88' title='bbox 510 1192 526 1234; x_wconf 94' lang='lat' dir='ltr'>a</span> <span class='ocrx_word' id='word_1_89' title='bbox 564 1169 651 1235; x_wconf 90' lang='lat' dir='ltr'>nobis</span> <span class='ocrx_word' id='word_1_90' title='bbox 688 1171 848 1233; x_wconf 90' lang='lat' dir='ltr'>inhabitari</span> <span class='ocrx_word' id='word_1_91' title='bbox 883 1179 913 1232; x_wconf 89' lang='lat' dir='ltr'>et</span> <span class='ocrx_word' id='word_1_92' title='bbox 944 1172 1129 1252; x_wconf 89' lang='lat' dir='ltr'>perlustrari</span> 
     </span>
     <span class='ocr_line' id='line_1_13' title="bbox 103 1261 1127 1345; baseline -0.001 -23"><span class='ocrx_word' id='word_1_93' title='bbox 103 1266 246 1342; x_wconf 91' lang='lat' dir='ltr'>potuisse.</span> <span class='ocrx_word' id='word_1_94' title='bbox 288 1262 413 1323; x_wconf 85' lang='lat' dir='ltr'>Causam</span> <span class='ocrx_word' id='word_1_95' title='bbox 437 1265 587 1345; x_wconf 90' lang='lat' dir='ltr'>aequioris</span> <span class='ocrx_word' id='word_1_96' title='bbox 610 1263 698 1322; x_wconf 88' lang='lat' dir='ltr'>istius</span> <span class='ocrx_word' id='word_1_97' title='bbox 721 1261 826 1329; x_wconf 87' lang='lat' dir='ltr'>iudicii</span> <span class='ocrx_word' id='word_1_98' title='bbox 850 1263 976 1323; x_wconf 92' lang='lat' dir='ltr'>coniicio</span> <span class='ocrx_word' id='word_1_99' title='bbox 1001 1264 1036 1323; x_wconf 93' lang='lat' dir='ltr'>in</span> <span class='ocrx_word' id='word_1_100' title='bbox 1057 1281 1127 1340; x_wconf 85' lang='lat' dir='ltr'>pro-</span> 
     </span>
     <span class='ocr_line' id='line_1_14' title="bbox 104 1349 1128 1432; baseline -0.002 -19"><span class='ocrx_word' id='word_1_101' title='bbox 104 1354 201 1431; x_wconf 89' lang='lat' dir='ltr'>priam</span> <span class='ocrx_word' id='word_1_102' title='bbox 226 1353 283 1410; x_wconf 87' lang='lat' dir='ltr'>viri</span> <span class='ocrx_word' id='word_1_103' title='bbox 306 1351 497 1430; x_wconf 86' lang='lat' dir='ltr'>undiquaque</span> <span class='ocrx_word' id='word_1_104' title='bbox 518 1349 698 1413; x_wconf 85' lang='lat' dir='ltr'>nobilissimi</span> <span class='ocrx_word' id='word_1_105' title='bbox 717 1352 940 1432; x_wconf 82' lang='lat' dir='ltr'>experientiam,</span> <span class='ocrx_word' id='word_1_106' title='bbox 964 1353 1018 1429; x_wconf 92' lang='lat' dir='ltr'>qui</span> <span class='ocrx_word' id='word_1_107' title='bbox 1038 1351 1128 1430; x_wconf 88' lang='lat' dir='ltr'>Ipsus</span> 
     </span>
     <span class='ocr_line' id='line_1_15' title="bbox 105 1439 1129 1520; baseline -0.002 -18"><span class='ocrx_word' id='word_1_108' title='bbox 105 1443 136 1503; x_wconf 96' lang='lat' dir='ltr'>in</span> <span class='ocrx_word' id='word_1_109' title='bbox 169 1442 321 1501; x_wconf 88' lang='lat' dir='ltr'>iuventute</span> <span class='ocrx_word' id='word_1_110' title='bbox 349 1439 498 1520; x_wconf 88' lang='lat' dir='ltr'>Europam</span> <span class='ocrx_word' id='word_1_111' title='bbox 529 1441 697 1520; x_wconf 79' lang='lat' dir='ltr'>peragravit</span> <span class='ocrx_word' id='word_1_112' title='bbox 729 1446 760 1500; x_wconf 89' lang='lat' dir='ltr'>et</span> <span class='ocrx_word' id='word_1_113' title='bbox 792 1442 895 1518; x_wconf 89' lang='lat' dir='ltr'>quanti</span> <span class='ocrx_word' id='word_1_114' title='bbox 922 1441 1033 1503; x_wconf 87' lang='lat' dir='ltr'>itinera</span> <span class='ocrx_word' id='word_1_115' title='bbox 1067 1440 1129 1501; x_wconf 89' lang='lat' dir='ltr'>sibi</span> 
     </span>
     <span class='ocr_line' id='line_1_16' title="bbox 106 1529 1129 1610; baseline 0 -20"><span class='ocrx_word' id='word_1_116' title='bbox 106 1531 305 1610; x_wconf 82' lang='lat' dir='ltr'>constiterint,</span> <span class='ocrx_word' id='word_1_117' title='bbox 327 1548 420 1609; x_wconf 92' lang='lat' dir='ltr'>prope</span> <span class='ocrx_word' id='word_1_118' title='bbox 444 1529 539 1592; x_wconf 91' lang='lat' dir='ltr'>adhuc</span> <span class='ocrx_word' id='word_1_119' title='bbox 562 1531 735 1594; x_wconf 84' lang='lat' dir='ltr'>meminisse</span> <span class='ocrx_word' id='word_1_120' title='bbox 758 1531 863 1607; x_wconf 91' lang='lat' dir='ltr'>potuit.</span> <span class='ocrx_word' id='word_1_121' title='bbox 909 1529 998 1589; x_wconf 86' lang='lat' dir='ltr'>Tanti</span> <span class='ocrx_word' id='word_1_122' title='bbox 1023 1530 1129 1608; x_wconf 87' lang='lat' dir='ltr'>refert,</span> 
     </span>
     <span class='ocr_line' id='line_1_17' title="bbox 105 1618 1128 1700; baseline 0 -21"><span class='ocrx_word' id='word_1_123' title='bbox 105 1621 136 1679; x_wconf 94' lang='lat' dir='ltr'>in</span> <span class='ocrx_word' id='word_1_124' title='bbox 166 1638 240 1698; x_wconf 89' lang='lat' dir='ltr'>quos</span> <span class='ocrx_word' id='word_1_125' title='bbox 268 1619 403 1680; x_wconf 90' lang='lat' dir='ltr'>homines</span> <span class='ocrx_word' id='word_1_126' title='bbox 430 1618 557 1700; x_wconf 89' lang='lat' dir='ltr'>incidas,</span> <span class='ocrx_word' id='word_1_127' title='bbox 585 1626 618 1680; x_wconf 95' lang='lat' dir='ltr'>ut</span> <span class='ocrx_word' id='word_1_128' title='bbox 641 1618 733 1679; x_wconf 84' lang='lat' dir='ltr'>officii</span> <span class='ocrx_word' id='word_1_129' title='bbox 755 1620 904 1697; x_wconf 90' lang='lat' dir='ltr'>promissa</span> <span class='ocrx_word' id='word_1_130' title='bbox 927 1625 957 1678; x_wconf 90' lang='lat' dir='ltr'>et</span> <span class='ocrx_word' id='word_1_131' title='bbox 979 1621 1128 1696; x_wconf 80' lang='lat' dir='ltr'>praestito</span> 
     </span>
     <span class='ocr_line' id='line_1_18' title="bbox 105 1706 1130 1787; baseline -0.001 -18"><span class='ocrx_word' id='word_1_132' title='bbox 105 1709 179 1769; x_wconf 88' lang='lat' dir='ltr'>fides</span> <span class='ocrx_word' id='word_1_133' title='bbox 213 1716 390 1787; x_wconf 84' lang='lat' dir='ltr'>agnoscatur</span> <span class='ocrx_word' id='word_1_134' title='bbox 423 1716 453 1770; x_wconf 88' lang='lat' dir='ltr'>et</span> <span class='ocrx_word' id='word_1_135' title='bbox 483 1708 580 1786; x_wconf 90' lang='lat' dir='ltr'>dignis</span> <span class='ocrx_word' id='word_1_136' title='bbox 608 1708 749 1787; x_wconf 87' lang='lat' dir='ltr'>praemiis</span> <span class='ocrx_word' id='word_1_137' title='bbox 777 1707 930 1768; x_wconf 85' lang='lat' dir='ltr'>afficiatur.</span> <span class='ocrx_word' id='word_1_138' title='bbox 982 1706 1130 1768; x_wconf 85' lang='lat' dir='ltr'>Ceterum</span> 
     </span>
     <span class='ocr_line' id='line_1_19' title="bbox 106 1797 1130 1877; baseline 0 -19"><span class='ocrx_word' id='word_1_139' title='bbox 106 1797 185 1877; x_wconf 94' lang='lat' dir='ltr'>quod</span> <span class='ocrx_word' id='word_1_140' title='bbox 221 1805 250 1858; x_wconf 92' lang='lat' dir='ltr'>te</span> <span class='ocrx_word' id='word_1_141' title='bbox 282 1800 394 1876; x_wconf 90' lang='lat' dir='ltr'>patriae</span> <span class='ocrx_word' id='word_1_142' title='bbox 428 1798 508 1859; x_wconf 89' lang='lat' dir='ltr'>Tuae</span> <span class='ocrx_word' id='word_1_143' title='bbox 541 1798 730 1875; x_wconf 90' lang='lat' dir='ltr'>Tuorumquc</span> <span class='ocrx_word' id='word_1_144' title='bbox 769 1803 847 1869; x_wconf 87' lang='lat' dir='ltr'>statu</span> <span class='ocrx_word' id='word_1_145' title='bbox 879 1815 896 1857; x_wconf 96' lang='lat' dir='ltr'>a</span> <span class='ocrx_word' id='word_1_146' title='bbox 928 1814 976 1856; x_wconf 85' lang='lat' dir='ltr'>me</span> <span class='ocrx_word' id='word_1_147' title='bbox 1010 1797 1130 1859; x_wconf 88' lang='lat' dir='ltr'>erudiri</span> 
     </span>
     <span class='ocr_line' id='line_1_20' title="bbox 106 1884 1129 1966; baseline 0 -20"><span class='ocrx_word' id='word_1_148' title='bbox 106 1887 202 1966; x_wconf 90' lang='lat' dir='ltr'>cupis,</span> <span class='ocrx_word' id='word_1_149' title='bbox 224 1886 363 1964; x_wconf 89' lang='lat' dir='ltr'>equidem</span> <span class='ocrx_word' id='word_1_150' title='bbox 386 1884 493 1951; x_wconf 91' lang='lat' dir='ltr'>lubens</span> <span class='ocrx_word' id='word_1_151' title='bbox 516 1889 547 1948; x_wconf 91' lang='lat' dir='ltr'>in</span> <span class='ocrx_word' id='word_1_152' title='bbox 571 1905 606 1947; x_wconf 89' lang='lat' dir='ltr'>eo</span> <span class='ocrx_word' id='word_1_153' title='bbox 629 1887 706 1949; x_wconf 90' lang='lat' dir='ltr'>votis</span> <span class='ocrx_word' id='word_1_154' title='bbox 726 1886 787 1945; x_wconf 89' lang='lat' dir='ltr'>tuis</span> <span class='ocrx_word' id='word_1_155' title='bbox 806 1903 978 1966; x_wconf 90' lang='lat' dir='ltr'>annuerem,</span> <span class='ocrx_word' id='word_1_156' title='bbox 1003 1887 1129 1965; x_wconf 89' lang='lat' dir='ltr'>siquae</span> 
     </span>
     <span class='ocr_line' id='line_1_21' title="bbox 106 1972 1130 2053; baseline 0.002 -19"><span class='ocrx_word' id='word_1_157' title='bbox 106 1980 187 2035; x_wconf 89' lang='lat' dir='ltr'>certa</span> <span class='ocrx_word' id='word_1_158' title='bbox 220 1974 289 2035; x_wconf 88' lang='lat' dir='ltr'>inde</span> <span class='ocrx_word' id='word_1_159' title='bbox 321 1972 470 2036; x_wconf 85' lang='lat' dir='ltr'>haberem.</span> <span class='ocrx_word' id='word_1_160' title='bbox 524 1975 585 2035; x_wconf 93' lang='lat' dir='ltr'>lam</span> <span class='ocrx_word' id='word_1_161' title='bbox 617 1993 697 2036; x_wconf 90' lang='lat' dir='ltr'>vero</span> <span class='ocrx_word' id='word_1_162' title='bbox 716 1972 912 2053; x_wconf 90' lang='lat' dir='ltr'>Noribergam</span> <span class='ocrx_word' id='word_1_163' title='bbox 943 1973 1062 2036; x_wconf 88' lang='lat' dir='ltr'>delatus</span> <span class='ocrx_word' id='word_1_164' title='bbox 1097 1978 1130 2036; x_wconf 93' lang='lat' dir='ltr'>in</span> 
     </span>
     <span class='ocr_line' id='line_1_22' title="bbox 106 2061 1129 2143; baseline 0.002 -20"><span class='ocrx_word' id='word_1_165' title='bbox 106 2061 236 2123; x_wconf 90' lang='lat' dir='ltr'>curanda</span> <span class='ocrx_word' id='word_1_166' title='bbox 257 2061 315 2122; x_wconf 91' lang='lat' dir='ltr'>hnc</span> <span class='ocrx_word' id='word_1_167' title='bbox 336 2061 513 2142; x_wconf 91' lang='lat' dir='ltr'>supellectili</span> <span class='ocrx_word' id='word_1_168' title='bbox 531 2083 597 2125; x_wconf 89' lang='lat' dir='ltr'>mea</span> <span class='ocrx_word' id='word_1_169' title='bbox 615 2063 737 2127; x_wconf 89' lang='lat' dir='ltr'>libraria</span> <span class='ocrx_word' id='word_1_170' title='bbox 756 2071 786 2124; x_wconf 90' lang='lat' dir='ltr'>et</span> <span class='ocrx_word' id='word_1_171' title='bbox 805 2063 861 2124; x_wconf 90' lang='lat' dir='ltr'>alia</span> <span class='ocrx_word' id='word_1_172' title='bbox 879 2082 935 2125; x_wconf 88' lang='lat' dir='ltr'>nec</span> <span class='ocrx_word' id='word_1_173' title='bbox 954 2081 1016 2125; x_wconf 93' lang='lat' dir='ltr'>non</span> <span class='ocrx_word' id='word_1_174' title='bbox 1037 2083 1129 2143; x_wconf 91' lang='lat' dir='ltr'>quae-</span> 
     </span>
     <span class='ocr_line' id='line_1_23' title="bbox 105 2151 1129 2232; baseline 0.001 -19"><span class='ocrx_word' id='word_1_175' title='bbox 105 2151 208 2213; x_wconf 91' lang='lat' dir='ltr'>rendis</span> <span class='ocrx_word' id='word_1_176' title='bbox 227 2152 321 2213; x_wconf 86' lang='lat' dir='ltr'>futuri</span> <span class='ocrx_word' id='word_1_177' title='bbox 339 2153 457 2213; x_wconf 92' lang='lat' dir='ltr'>itineris</span> <span class='ocrx_word' id='word_1_178' title='bbox 475 2151 605 2214; x_wconf 80' lang='lat' dir='ltr'>bataviei</span> <span class='ocrx_word' id='word_1_179' title='bbox 624 2151 783 2214; x_wconf 91' lang='lat' dir='ltr'>comitibus</span> <span class='ocrx_word' id='word_1_180' title='bbox 802 2159 956 2232; x_wconf 88' lang='lat' dir='ltr'>tantopere</span> <span class='ocrx_word' id='word_1_181' title='bbox 975 2171 1033 2231; x_wconf 90' lang='lat' dir='ltr'>per</span> <span class='ocrx_word' id='word_1_182' title='bbox 1052 2156 1129 2214; x_wconf 89' lang='lat' dir='ltr'>oeti-</span> 
     </span>
     <span class='ocr_line' id='line_1_24' title="bbox 106 2239 1129 2322; baseline 0.002 -21"><span class='ocrx_word' id='word_1_183' title='bbox 106 2242 198 2303; x_wconf 92' lang='lat' dir='ltr'>duum</span> <span class='ocrx_word' id='word_1_184' title='bbox 213 2239 352 2322; x_wconf 87' lang='lat' dir='ltr'>laboravi,</span> <span class='ocrx_word' id='word_1_185' title='bbox 367 2248 400 2302; x_wconf 92' lang='lat' dir='ltr'>ut</span> <span class='ocrx_word' id='word_1_186' title='bbox 413 2240 569 2303; x_wconf 77' lang='lat' dir='ltr'>Altorfium</span> <span class='ocrx_word' id='word_1_187' title='bbox 584 2260 742 2304; x_wconf 88' lang='lat' dir='ltr'>excurrere</span> <span class='ocrx_word' id='word_1_188' title='bbox 757 2259 818 2301; x_wconf 90' lang='lat' dir='ltr'>non</span> <span class='ocrx_word' id='word_1_189' title='bbox 832 2241 959 2303; x_wconf 90' lang='lat' dir='ltr'>licuerit.</span> <span class='ocrx_word' id='word_1_190' title='bbox 994 2241 1129 2303; x_wconf 90' lang='lat' dir='ltr'>Litteras</span> 
     </span>
     <span class='ocr_line' id='line_1_25' title="bbox 55 2330 1128 2412; baseline 0 -21"><span class='ocrx_word' id='word_1_191' title='bbox 55 2334 56 2337; x_wconf 74' lang='grc'>’</span> <span class='ocrx_word' id='word_1_192' title='bbox 104 2338 204 2393; x_wconf 89' lang='lat' dir='ltr'>tamen</span> <span class='ocrx_word' id='word_1_193' title='bbox 234 2349 250 2392; x_wconf 95' lang='lat' dir='ltr'>a</span> <span class='ocrx_word' id='word_1_194' title='bbox 278 2330 368 2392; x_wconf 89' lang='lat' dir='ltr'>lratre</span> <span class='ocrx_word' id='word_1_195' title='bbox 392 2338 443 2393; x_wconf 90' lang='lat' dir='ltr'>tuo</span> <span class='ocrx_word' id='word_1_196' title='bbox 467 2330 498 2391; x_wconf 85' lang='lat' dir='ltr'>b.</span> <span class='ocrx_word' id='word_1_197' title='bbox 519 2330 646 2409; x_wconf 89' lang='lat' dir='ltr'>Georgio</span> <span class='ocrx_word' id='word_1_198' title='bbox 669 2330 712 2391; x_wconf 93' lang='lat' dir='ltr'>ibi</span> <span class='ocrx_word' id='word_1_199' title='bbox 735 2333 850 2412; x_wconf 90' lang='lat' dir='ltr'>accepi,</span> <span class='ocrx_word' id='word_1_200' title='bbox 879 2330 987 2409; x_wconf 91' lang='lat' dir='ltr'>quibus</span> <span class='ocrx_word' id='word_1_201' title='bbox 1013 2334 1128 2395; x_wconf 90' lang='lat' dir='ltr'>amicos</span> 
     </span>
     <span class='ocr_line' id='line_1_26' title="bbox 106 2418 1127 2483; baseline 0.003 -3"><span class='ocrx_word' id='word_1_202' title='bbox 106 2438 209 2481; x_wconf 90' lang='lat' dir='ltr'>omnes</span> <span class='ocrx_word' id='word_1_203' title='bbox 241 2419 336 2479; x_wconf 88' lang='lat' dir='ltr'>salvos</span> <span class='ocrx_word' id='word_1_204' title='bbox 364 2427 394 2480; x_wconf 93' lang='lat' dir='ltr'>et</span> <span class='ocrx_word' id='word_1_205' title='bbox 422 2420 459 2480; x_wconf 90' lang='lat' dir='ltr'>Se</span> <span class='ocrx_word' id='word_1_206' title='bbox 487 2423 567 2482; x_wconf 91' lang='lat' dir='ltr'>inter</span> <span class='ocrx_word' id='word_1_207' title='bbox 595 2419 766 2481; x_wconf 79' lang='lat' dir='ltr'>candidatos</span> <span class='ocrx_word' id='word_1_208' title='bbox 789 2418 823 2480; x_wconf 92' lang='lat' dir='ltr'>U.</span> <span class='ocrx_word' id='word_1_209' title='bbox 847 2419 868 2480; x_wconf 93' lang='lat' dir='ltr'>l.</span> <span class='ocrx_word' id='word_1_210' title='bbox 896 2438 1007 2480; x_wconf 89' lang='lat' dir='ltr'>nomen</span> <span class='ocrx_word' id='word_1_211' title='bbox 1037 2440 1127 2483; x_wconf 89' lang='lat' dir='ltr'>suum</span> 
     </span>
     <span class='ocr_line' id='line_1_27' title="bbox 106 2503 1125 2590; baseline 0.002 -22"><span class='ocrx_word' id='word_1_212' title='bbox 106 2511 165 2568; x_wconf 91' lang='lat' dir='ltr'>iam</span> <span class='ocrx_word' id='word_1_213' title='bbox 188 2503 401 2586; x_wconf 84' lang='lat' dir='ltr'>prolessnm⁵¹⁰</span> <span class='ocrx_word' id='word_1_214' title='bbox 425 2509 576 2572; x_wconf 87' lang='lat' dir='ltr'>innuebat.</span> <span class='ocrx_word' id='word_1_215' title='bbox 613 2508 710 2579; x_wconf 83' lang='lat' dir='ltr'>Quare</span> <span class='ocrx_word' id='word_1_216' title='bbox 733 2507 834 2568; x_wconf 92' lang='lat' dir='ltr'>nullus</span> <span class='ocrx_word' id='word_1_217' title='bbox 857 2508 971 2590; x_wconf 90' lang='lat' dir='ltr'>dubito,</span> <span class='ocrx_word' id='word_1_218' title='bbox 995 2512 1069 2590; x_wconf 89' lang='lat' dir='ltr'>quin</span> <span class='ocrx_word' id='word_1_219' title='bbox 1090 2511 1125 2573; x_wconf 92' lang='lat' dir='ltr'>ad</span> 
     </span>
     <span class='ocr_line' id='line_1_28' title="bbox 106 2597 1126 2680; baseline 0.002 -24"><span class='ocrx_word' id='word_1_220' title='bbox 106 2597 324 2675; x_wconf 89' lang='lat' dir='ltr'>praescriptum</span> <span class='ocrx_word' id='word_1_221' title='bbox 342 2604 469 2680; x_wconf 90' lang='lat' dir='ltr'>tempus,</span> <span class='ocrx_word' id='word_1_222' title='bbox 487 2598 515 2658; x_wconf 95' lang='lat' dir='ltr'>h.</span> <span class='ocrx_word' id='word_1_223' title='bbox 531 2618 555 2660; x_wconf 90' lang='lat' dir='ltr'>e.</span> <span class='ocrx_word' id='word_1_224' title='bbox 571 2599 679 2661; x_wconf 87' lang='lat' dir='ltr'>lestum</span> <span class='ocrx_word' id='word_1_225' title='bbox 693 2597 814 2661; x_wconf 87' lang='lat' dir='ltr'>Martini</span> <span class='ocrx_word' id='word_1_226' title='bbox 827 2615 975 2676; x_wconf 88' lang='lat' dir='ltr'>nuperum</span> <span class='ocrx_word' id='word_1_227' title='bbox 990 2617 1126 2661; x_wconf 91' lang='lat' dir='ltr'>summos</span> 
     </span>
     <span class='ocr_line' id='line_1_29' title="bbox 106 2685 1125 2768; baseline 0.003 -23"><span class='ocrx_word' id='word_1_228' title='bbox 106 2688 138 2750; x_wconf 88' lang='lat' dir='ltr'>iu</span> <span class='ocrx_word' id='word_1_229' title='bbox 162 2686 226 2746; x_wconf 89' lang='lat' dir='ltr'>iure</span> <span class='ocrx_word' id='word_1_230' title='bbox 250 2692 352 2747; x_wconf 88' lang='lat' dir='ltr'>nostro</span> <span class='ocrx_word' id='word_1_231' title='bbox 376 2685 504 2748; x_wconf 91' lang='lat' dir='ltr'>honores</span> <span class='ocrx_word' id='word_1_232' title='bbox 527 2706 586 2748; x_wconf 88' lang='lat' dir='ltr'>una</span> <span class='ocrx_word' id='word_1_233' title='bbox 610 2706 677 2749; x_wconf 90' lang='lat' dir='ltr'>cum</span> <span class='ocrx_word' id='word_1_234' title='bbox 701 2685 766 2747; x_wconf 93' lang='lat' dir='ltr'>aliis</span> <span class='ocrx_word' id='word_1_235' title='bbox 791 2686 963 2749; x_wconf 89' lang='lat' dir='ltr'>obtinuerit.</span> <span class='ocrx_word' id='word_1_236' title='bbox 990 2687 1047 2758; x_wconf 55' lang='lat' dir='ltr'>,nx</span> <span class='ocrx_word' id='word_1_237' title='bbox 1067 2707 1125 2768; x_wconf 90' lang='lat' dir='ltr'>quo</span> 
     </span>
     <span class='ocr_line' id='line_1_30' title="bbox 106 2773 1124 2858; baseline 0.003 -23"><span class='ocrx_word' id='word_1_238' title='bbox 106 2775 156 2836; x_wconf 91' lang='lat' dir='ltr'>bic</span> <span class='ocrx_word' id='word_1_239' title='bbox 179 2776 258 2856; x_wconf 88' lang='lat' dir='ltr'>vivo,</span> <span class='ocrx_word' id='word_1_240' title='bbox 283 2773 382 2858; x_wconf 82' lang='lat' dir='ltr'>¹nullas</span> <span class='ocrx_word' id='word_1_241' title='bbox 406 2794 422 2835; x_wconf 88' lang='lat' dir='ltr'>a</span> <span class='ocrx_word' id='word_1_242' title='bbox 445 2775 498 2836; x_wconf 74' lang='lat' dir='ltr'>lin.</span> <span class='ocrx_word' id='word_1_243' title='bbox 518 2776 550 2836; x_wconf 84' lang='lat' dir='ltr'>b.</span> <span class='ocrx_word' id='word_1_244' title='bbox 569 2776 662 2837; x_wconf 90' lang='lat' dir='ltr'>Remo</span> <span class='ocrx_word' id='word_1_245' title='bbox 689 2775 783 2837; x_wconf 92' lang='lat' dir='ltr'>lineas</span> <span class='ocrx_word' id='word_1_246' title='bbox 809 2775 883 2857; x_wconf 92' lang='lat' dir='ltr'>vidi,</span> <span class='ocrx_word' id='word_1_247' title='bbox 912 2776 992 2855; x_wconf 92' lang='lat' dir='ltr'>quod</span> <span class='ocrx_word' id='word_1_248' title='bbox 1016 2796 1124 2838; x_wconf 90' lang='lat' dir='ltr'>cuma</span> 
     </span>
     <span class='ocr_line' id='line_1_31' title="bbox 106 2864 1124 2946; baseline 0.005 -22"><span class='ocrx_word' id='word_1_249' title='bbox 106 2882 189 2925; x_wconf 89' lang='lat' dir='ltr'>more</span> <span class='ocrx_word' id='word_1_250' title='bbox 213 2865 308 2943; x_wconf 89' lang='lat' dir='ltr'>ipsius</span> <span class='ocrx_word' id='word_1_251' title='bbox 331 2864 475 2926; x_wconf 88' lang='lat' dir='ltr'>hactenus</span> <span class='ocrx_word' id='word_1_252' title='bbox 500 2866 590 2926; x_wconf 80' lang='lat' dir='ltr'>fuerit</span> <span class='ocrx_word' id='word_1_253' title='bbox 613 2864 843 2946; x_wconf 90' lang='lat' dir='ltr'>alienissimum,</span> <span class='ocrx_word' id='word_1_254' title='bbox 866 2868 1004 2945; x_wconf 90' lang='lat' dir='ltr'>suspicor</span> <span class='ocrx_word' id='word_1_255' title='bbox 1029 2869 1124 2930; x_wconf 89' lang='lat' dir='ltr'>virum</span> 
     </span>
     <span class='ocr_line' id='line_1_32' title="bbox 107 2953 1124 3035; baseline 0.001 -21"><span class='ocrx_word' id='word_1_256' title='bbox 107 2955 251 3033; x_wconf 90' lang='lat' dir='ltr'>optimum</span> <span class='ocrx_word' id='word_1_257' title='bbox 273 2953 378 3014; x_wconf 92' lang='lat' dir='ltr'>morbo</span> <span class='ocrx_word' id='word_1_258' title='bbox 402 2953 501 3033; x_wconf 91' lang='lat' dir='ltr'>aliquo</span> <span class='ocrx_word' id='word_1_259' title='bbox 525 2955 661 3016; x_wconf 90' lang='lat' dir='ltr'>detineri.</span> <span class='ocrx_word' id='word_1_260' title='bbox 702 2954 786 3026; x_wconf 86' lang='lat' dir='ltr'>Quod</span> <span class='ocrx_word' id='word_1_261' title='bbox 810 2960 911 3035; x_wconf 87' lang='lat' dir='ltr'>restat,</span> <span class='ocrx_word' id='word_1_262' title='bbox 935 2973 1124 3035; x_wconf 89' lang='lat' dir='ltr'>summopere</span> 
     </span>
     <span class='ocr_line' id='line_1_33' title="bbox 107 3042 1124 3123; baseline 0 -21"><span class='ocrx_word' id='word_1_263' title='bbox 107 3062 122 3102; x_wconf 98' lang='lat' dir='ltr'>a</span> <span class='ocrx_word' id='word_1_264' title='bbox 146 3043 187 3103; x_wconf 84' lang='lat' dir='ltr'>Te</span> <span class='ocrx_word' id='word_1_265' title='bbox 210 3049 279 3122; x_wconf 90' lang='lat' dir='ltr'>peto</span> <span class='ocrx_word' id='word_1_266' title='bbox 301 3045 454 3121; x_wconf 88' lang='lat' dir='ltr'>negotium</span> <span class='ocrx_word' id='word_1_267' title='bbox 473 3043 545 3105; x_wconf 87' lang='lat' dir='ltr'>Nob.</span> <span class='ocrx_word' id='word_1_268' title='bbox 565 3050 595 3103; x_wconf 92' lang='lat' dir='ltr'>et</span> <span class='ocrx_word' id='word_1_269' title='bbox 612 3043 750 3123; x_wconf 81' lang='lat' dir='ltr'>Ampliss.</span> <span class='ocrx_word' id='word_1_270' title='bbox 770 3042 823 3105; x_wconf 84' lang='lat' dir='ltr'>Du.</span> <span class='ocrx_word' id='word_1_271' title='bbox 842 3042 1018 3107; x_wconf 89' lang='lat' dir='ltr'>Haiuholeri</span> <span class='ocrx_word' id='word_1_272' title='bbox 1038 3062 1124 3108; x_wconf 89' lang='lat' dir='ltr'>curae</span> 
     </span>
     <span class='ocr_line' id='line_1_34' title="bbox 105 3132 1123 3214; baseline -0.001 -21"><span class='ocrx_word' id='word_1_273' title='bbox 105 3132 164 3193; x_wconf 90' lang='lat' dir='ltr'>tibi</span> <span class='ocrx_word' id='word_1_274' title='bbox 182 3151 248 3194; x_wconf 88' lang='lat' dir='ltr'>esse</span> <span class='ocrx_word' id='word_1_275' title='bbox 267 3134 390 3212; x_wconf 89' lang='lat' dir='ltr'>patiaris</span> <span class='ocrx_word' id='word_1_276' title='bbox 410 3135 441 3193; x_wconf 90' lang='lat' dir='ltr'>in</span> <span class='ocrx_word' id='word_1_277' title='bbox 460 3133 605 3212; x_wconf 86' lang='lat' dir='ltr'>exigendo</span> <span class='ocrx_word' id='word_1_278' title='bbox 625 3135 746 3212; x_wconf 90' lang='lat' dir='ltr'>antiquo</span> <span class='ocrx_word' id='word_1_279' title='bbox 765 3134 895 3214; x_wconf 90' lang='lat' dir='ltr'>nomine,</span> <span class='ocrx_word' id='word_1_280' title='bbox 913 3132 993 3212; x_wconf 92' lang='lat' dir='ltr'>quod</span> <span class='ocrx_word' id='word_1_281' title='bbox 1012 3133 1123 3195; x_wconf 90' lang='lat' dir='ltr'>Sebast.</span> 
     </span>
     <span class='ocr_line' id='line_1_35' title="bbox 108 3220 1123 3303; baseline 0 -21"><span class='ocrx_word' id='word_1_282' title='bbox 108 3241 125 3282; x_wconf 92' lang='lat' dir='ltr'>a</span> <span class='ocrx_word' id='word_1_283' title='bbox 148 3220 284 3285; x_wconf 89' lang='lat' dir='ltr'>Perband</span> <span class='ocrx_word' id='word_1_284' title='bbox 312 3221 389 3300; x_wconf 90' lang='lat' dir='ltr'>apud</span> <span class='ocrx_word' id='word_1_285' title='bbox 417 3241 487 3282; x_wconf 92' lang='lat' dir='ltr'>enm</span> <span class='ocrx_word' id='word_1_286' title='bbox 515 3225 675 3303; x_wconf 82' lang='lat' dir='ltr'>contraxit,</span> <span class='ocrx_word' id='word_1_287' title='bbox 701 3221 748 3282; x_wconf 86' lang='lat' dir='ltr'>vel</span> <span class='ocrx_word' id='word_1_288' title='bbox 776 3224 803 3282; x_wconf 92' lang='lat' dir='ltr'>si</span> <span class='ocrx_word' id='word_1_289' title='bbox 830 3221 861 3284; x_wconf 91' lang='lat' dir='ltr'>id</span> <span class='ocrx_word' id='word_1_290' title='bbox 888 3229 1043 3301; x_wconf 85' lang='lat' dir='ltr'>praestare</span> <span class='ocrx_word' id='word_1_291' title='bbox 1068 3239 1123 3287; x_wconf 91' lang='lat' dir='ltr'>non</span> 
     </span>
     <span class='ocr_line' id='line_1_36' title="bbox 106 3310 1124 3394; baseline 0.001 -25"><span class='ocrx_word' id='word_1_292' title='bbox 106 3317 205 3390; x_wconf 91' lang='lat' dir='ltr'>potes,</span> <span class='ocrx_word' id='word_1_293' title='bbox 239 3310 342 3372; x_wconf 89' lang='lat' dir='ltr'>saltem</span> <span class='ocrx_word' id='word_1_294' title='bbox 375 3314 551 3394; x_wconf 89' lang='lat' dir='ltr'>expisceris,</span> <span class='ocrx_word' id='word_1_295' title='bbox 587 3311 709 3373; x_wconf 88' lang='lat' dir='ltr'>ubinam</span> <span class='ocrx_word' id='word_1_296' title='bbox 741 3311 836 3373; x_wconf 90' lang='lat' dir='ltr'>latitet</span> <span class='ocrx_word' id='word_1_297' title='bbox 868 3330 936 3372; x_wconf 92' lang='lat' dir='ltr'>cum</span> <span class='ocrx_word' id='word_1_298' title='bbox 968 3320 1064 3373; x_wconf 88' lang='lat' dir='ltr'>matre</span> <span class='ocrx_word' id='word_1_299' title='bbox 1092 3314 1124 3371; x_wconf 76' lang='lat' dir='ltr'>&#39;et</span> 
     </span>
     <span class='ocr_line' id='line_1_37' title="bbox 108 3398 1123 3480; baseline 0.001 -22"><span class='ocrx_word' id='word_1_300' title='bbox 108 3398 264 3478; x_wconf 82' lang='lat' dir='ltr'>l&#39;ratribus,</span> <span class='ocrx_word' id='word_1_301' title='bbox 302 3402 328 3460; x_wconf 93' lang='lat' dir='ltr'>si</span> <span class='ocrx_word' id='word_1_302' title='bbox 360 3418 435 3478; x_wconf 92' lang='lat' dir='ltr'>quos</span> <span class='ocrx_word' id='word_1_303' title='bbox 467 3400 564 3462; x_wconf 90' lang='lat' dir='ltr'>habet.</span> <span class='ocrx_word' id='word_1_304' title='bbox 619 3400 845 3480; x_wconf 79' lang='lat' dir='ltr'>Chetpographo</span> <span class='ocrx_word' id='word_1_305' title='bbox 877 3400 976 3463; x_wconf 89' lang='lat' dir='ltr'>locum</span> <span class='ocrx_word' id='word_1_306' title='bbox 1010 3401 1123 3464; x_wconf 91' lang='lat' dir='ltr'>Nauten</span> 
     </span>
     <span class='ocr_line' id='line_1_38' title="bbox 91 3486 1123 3574; baseline 0.002 -29"><span class='ocrx_word' id='word_1_307' title='bbox 91 3486 282 3566; x_wconf 72' lang='lat' dir='ltr'>adsorqrtnm</span> <span class='ocrx_word' id='word_1_308' title='bbox 309 3489 410 3574; x_wconf 78' lang='lat' dir='ltr'>vide03</span> <span class='ocrx_word' id='word_1_309' title='bbox 435 3490 490 3553; x_wconf 88' lang='lat' dir='ltr'>sed</span> <span class='ocrx_word' id='word_1_310' title='bbox 513 3509 604 3554; x_wconf 90' lang='lat' dir='ltr'>nemo</span> <span class='ocrx_word' id='word_1_311' title='bbox 625 3490 678 3553; x_wconf 86' lang='lat' dir='ltr'>bic</span> <span class='ocrx_word' id='word_1_312' title='bbox 702 3497 760 3571; x_wconf 87' lang='lat' dir='ltr'>est,</span> <span class='ocrx_word' id='word_1_313' title='bbox 781 3492 836 3568; x_wconf 80' lang='lat' dir='ltr'>qni</span> <span class='ocrx_word' id='word_1_314' title='bbox 852 3507 966 3551; x_wconf 80' lang='lat' dir='ltr'>nomeu</span> <span class='ocrx_word' id='word_1_315' title='bbox 982 3489 1059 3550; x_wconf 82' lang='lat' dir='ltr'>illud</span> <span class='ocrx_word' id='word_1_316' title='bbox 1080 3487 1123 3549; x_wconf 85' lang='lat' dir='ltr'>rel</span> 
     </span>
    </p>
   </div>
   <div class='ocr_carea' id='block_1_3' title="bbox 0 0 1192 3840">
    <p class='ocr_par' dir='ltr' id='par_1_3' title="bbox 0 0 1192 3840">
     <span class='ocr_line' id='line_1_39' title="bbox 0 0 1192 3840; baseline 0 0"><span class='ocrx_word' id='word_1_317' title='bbox 0 0 1192 3840; x_wconf 95' lang='lat' dir='ltr'> </span> 
     </span>
    </p>
   </div>
  </div>
 </body>
</html>
