2370 3840
501 182 640 254 epistolae
964 230 967 235 .
1016 184 1079 250 109

63 344 91 396 et
115 336 212 396 amori
229 336 357 414 pristino
376 334 593 394 officiosissime
613 335 796 395 commendo.
834 334 968 396 Salutant
986 336 1080 415 dmpl.

63 423 200 486 Vestram
232 426 289 485 viri
320 422 524 485 Excellentisa
558 429 588 483 et
620 423 829 504 addictissimi,
861 425 999 504 Ampliss.
1027 425 1080 486 Dn.

65 513 241 594 Saracenas,
258 512 328 574 Rev.
347 512 401 574 Dn.
420 512 607 592 Turretinus‚
626 512 745 573 Clariss.
765 521 867 573 noster
882 513 1080 575 Gcthciredus

64 612 93 665 et
120 603 338 682 Experientiss.
366 601 398 662 D.
426 600 459 662 Ι).
486 601 641 681 Augerius.
687 601 711 661 A
742 621 789 662 me
821 621 939 682 quoque
968 602 1080 664 salvere

63 692 151 754 velim
177 691 336 752 Aitorfines
360 696 492 772 nostres,
515 689 547 751 D.
572 686 789 772 uincerumffl,
812 690 843 751 D.
868 686 1081 772 Ungepaur⁴⁹³‚

62 779 94 843 I).
114 773 339 842 Noeslerum⁴⁹⁴
363 773 467 864 (quam
489 798 560 840 vero
583 779 633 840 ille
657 774 787 864 duxitd),
810 781 846 841 M.
867 774 1082 861 Queccium⁴⁹⁵‚

59 862 298 932 Ludu'ellum⁴⁹⁶
329 876 359 931 et
385 868 545 950 Nechium,
578 871 663 930 cuius
697 870 844 930 fortunam
873 871 967 930 doleo.
1013 869 1082 931 Vale

58 959 128 1021 vale
152 979 187 1021 ac
210 959 289 1020 salve
312 958 483 1039 plurimum,
505 961 547 1018 mi
571 958 637 1038 Opt.
659 959 734 1019 Max.
757 958 883 1020 Patrone
908 979 941 1020 ac
963 959 1082 1039 Fautor,

59 1047 159 1111 Reme
183 1051 259 1110 iuris
282 1047 512 1109 consultissime.

110 1155 222 1216 Dabam
246 1154 419 1237 Generae,
443 1152 495 1216 29.
519 1154 672 1215 decembr.
697 1174 740 1216 a0.
765 1156 918 1216 occidente
944 1153 1038 1218 1618.
1125 1214 1127 1218 ,

269 1260 408 1322 Nobiliss.
431 1260 591 1341 Amplitud.
615 1261 736 1322 Vestrae
760 1262 1040 1324 observantissimus

411 1367 633 1430 Hermannus
656 1369 869 1449 Thedering.

133 1495 166 1556 P.
191 1494 219 1555 S.
257 1493 334 1565 Quid
366 1512 436 1554 vere
469 1493 506 1554 de
537 1493 662 1555 Cleselio
696 1502 726 1554 et
753 1489 930 1555 lesseni04³⁷
963 1499 1085 1576 captivis

70 1579 244 1646 inauditur‘?
281 1589 312 1644 et
347 1601 421 1644 num
453 1583 549 1644 adhuc
581 1583 694 1645 elector
726 1582 871 1644 Saxoniae
904 1587 934 1644 in
967 1588 1086 1664 negotio

71 1673 270 1735 Bohemorum
298 1668 447 1751 quiescit?
492 1671 574 1733 Nihil
602 1673 637 1733 de
666 1672 713 1732 his
741 1691 757 1731 a
781 1672 868 1752 longo
892 1681 1026 1753 tempere
1050 1675 1086 1734 ad

70 1781 124 1825 nos
157 1763 222 1829 suit
243 1760 378 1822 relatum.
424 1761 509 1833 Quod
537 1761 691 1822 Sabaudus
720 1760 831 1840 aliquid
860 1770 963 1822 centra
992 1762 1087 1824 Gene-

71 1870 178 1914 renses
200 1850 299 1911 denuo
322 1850 444 1911 molitus
467 1851 586 1932 dicitur,
610 1851 684 1911 nihil
708 1859 760 1911 est..

219 2057 266 2128 77.
298 2059 335 2126 Η.
359 2058 587 2146 'diederingus
610 2060 678 2129 Nic.
701 2060 935 2130 Rittershusie.

73 2181 257 2251 Salmurii..
887 2191 910 2239 9.
930 2185 989 2240 Ian.
1016 2178 1105 2241 1621.Ι

136 2298 161 2358 Α
175 2296 329 2358 Monsieur
341 2295 448 2357 Mons.r
460 2296 687 2377 Rittershusius,
704 2295 922 2359 Gentilhomme
936 2298 1089 2359 dilemand

72 2387 255 2466 aBeurges.
279 2385 356 2447 Chez
378 2384 471 2446 Mons.
496 2383 634 2446 Gruchet.

138 2475 273 2562 Salutem
292 2475 455 2536 officiosam
469 2482 499 2536 et
513 2492 645 2535 amorem
659 2473 859 2555 reciprocum!
884 2476 963 2547 Quas
977 2479 1090 2556 primas

70 2550 196 2627 'Avarico
220 2563 389 2643 Biturigum
417 2563 472 2624 sub
500 2564 591 2624 finem
619 2567 689 2625 anni
716 2565 816 2625 deuati
842 2565 948 2626 adme
972 2567 1091 2649 dedisti,

73 2657 238 2716 amicorum
257 2653 467 2715 candidissime
486 2653 540 2714 Dn.
558 2653 748 2735 Rittershusi,
772 2662 839 2716 ante
859 2655 992 2716 triduum
1010 2664 1091 2717 recte

73 2745 184 2823 accepi.
231 2742 273 2804 Te
301 2745 333 2803 in
356 2745 403 2803 via
425 2742 530 2803 morbo
554 2751 724 2822 correptum
748 2744 847 2826 dcle03
875 2747 968 2823 magis
993 2752 1092 2805 tamen

73 2832 188 2913 gaudeo
216 2831 331 2912 tibique
360 2832 492 2911 gratulor
517 2831 554 2892 de
578 2835 682 2892 mortis
706 2833 838 2912 periculo
863 2836 984 2912 evitate,
1013 2833 1092 2911 quod

74 2922 108 2983 ab
137 2941 174 2983 eo
202 2921 258 2982 tihi
284 2923 471 2981 imminuisse
499 2922 608 3001 refers,
636 2924 687 2999 qui
715 2940 833 2982 servare
863 2921 996 2982 debebat.
1044 2921 1093 2982 Sic

73 3012 167 3074 multa
195 3010 264 3072 tulit
291 3011 420 3089 fecitque
449 3009 514 3070 aliis
543 3009 707 3070 Germanus
735 3013 767 3070 in
795 3013 871 3091 cris,
898 3011 999 3070 icrsan
1023 3011 1093 3071 aiibi

73 3119 181 3180 passus
210 3102 358 3181 graviora3
387 3100 440 3160 sed
467 3106 497 3160 et
524 3099 597 3160 haec
624 3101 796 3160 meminisse
820 3099 940 3160 iuvabit.
987 3098 1094 3160 Laetor

73 3199 103 3252 te
137 3190 253 3251 salvum
283 3189 403 3250 tandem
432 3197 462 3249 et
489 3189 668 3250 incolumem
697 3188 732 3248 ad
760 3188 923 3267 praefixum
951 3189 1095 3250 hibernae

72 3281 326 3360 peregrinationis
345 3297 469 3358 scopum
486 3280 659 3357 pervenisse
679 3296 805 3356 eumque
821 3278 884 3359 tibi,
904 3280 931 3338 si
945 3297 981 3340 ex
996 3282 1095 3341 anime

72 3369 223 3451 loqueris,
250 3386 310 3431 non
338 3367 505 3447 displicere.
553 3368 633 3439 Quae
661 3369 757 3428 victus
786 3370 861 3428 ratio
885 3371 937 3451 sit,
967 3388 1027 3430 non
1050 3372 1095 3429 in-

72 3458 174 3540 dicas3
207 3460 285 3518 scire
313 3466 412 3518 tamen
440 3464 470 3518 et
497 3457 571 3519 illud
598 3455 723 3542 veliem,
750 3475 811 3538 due
838 3459 1020 3519 satisiacere
1039 3458 1115 3513 aius

66 3564 199 3626 possem,
224 3549 277 3624 qni
296 3547 353 3608 dac
374 3547 413 3610 de
432 3567 467 3612 re
489 3552 614 3633 saepius
635 3556 877 3633 permutantur.
911 3538 1145 3616 Quafflffiss
