2370 3840
100 138 144 202 22
531 135 601 190 Eob.
620 134 703 190 Hessi

106 303 208 347 carere
242 302 348 364 queam
380 302 468 364 quam
500 292 604 344 tonsor
635 284 785 345 novacula.
831 283 934 365 ltaque
966 286 1124 364 proprium

104 375 179 435 mibi
201 376 304 453 paravi
326 380 470 452 tuumque
501 374 606 433 remisi
636 375 762 434 utinen
793 375 916 453 ignarus
946 381 977 434 te
1006 392 1125 454 quoque

105 481 328 543 nonnumquam
364 462 481 523 levandi
519 463 611 522 animi
647 480 735 523 causa
771 464 803 523 in
844 462 875 522 id
917 466 1125 524 amoeniorum

104 550 285 632 scriptorum
308 570 402 631 genus
425 550 555 612 velutin
579 550 728 630 quosdam
748 549 887 612 laetiores
911 570 1054 613 secessus
1077 571 1124 613 ex-

105 644 235 721 spatiari.
282 642 341 702 Sed
365 642 440 701 bens
464 639 509 701 tu!
534 640 651 719 quando
675 641 754 719 quod
779 643 868 703 toties
891 640 1058 723 polliceris,
1081 641 1125 702 vel

107 731 199 791 semel
223 727 382 811 praestas?
405 729 476 791 Scin
495 730 566 809 quid
591 726 708 790 dicam?
726 728 764 791 Et
781 729 865 790 vides
883 731 974 791 etiam
992 729 1125 792 vellicari

105 827 135 880 te
159 819 281 881 incultis
304 818 473 899 versiculis,
507 821 533 879 si
556 819 644 879 modo
667 818 723 879 tibi
751 816 938 879 aloacbimo
963 826 1035 880 sunt
1059 819 1124 880 red·

103 903 204 990 diti⁸³,
232 927 307 988 quos
330 908 518 969 redditurum
541 907 597 968 tibi
619 906 815 986 pollicebatur
844 926 892 968 mc
916 909 1008 968 etiam
1033 908 1124 970 recla-

100 1006 208 1058 mante.
260 997 334 1058 Nam
364 1000 464 1077 ipsius
492 1000 662 1076 insperatus
693 996 808 1057 reditus
840 999 1010 1075 argumenti
1044 997 1123 1059 illius

102 1090 210 1148 seriem
241 1085 419 1147 turbaverat.
467 1086 551 1157 Quod
580 1088 605 1144 si
634 1088 776 1164 accepisti
808 1104 928 1146 carmen
959 1085 1032 1168 hoc,
1064 1105 1123 1148 non

102 1175 205 1236 dubito
232 1193 392 1252 agnoscere
411 1183 444 1235 te
465 1175 625 1236 candidum
647 1176 679 1234 in
701 1182 731 1234 te
755 1176 900 1255 animum,
928 1177 956 1235 si
978 1176 1122 1257 nondum,

100 1263 177 1323 malo
201 1266 301 1343 perire
321 1282 410 1342 quam
429 1265 636 1343 intempestive
655 1263 749 1324 reddi.
782 1262 823 1323 De
842 1263 900 1324 lide
924 1263 1036 1326 deinde
1057 1283 1122 1327 mea

100 1352 175 1413 nihil
198 1352 287 1412 velim
315 1350 448 1432 dubites,
477 1371 552 1431 quae
582 1354 701 1413 tametsi
723 1352 839 1412 tardius
868 1371 956 1431 quam
985 1354 1121 1416 luturum

90 1443 303 1502 existimaram
326 1441 492 1522 redimitur,
515 1449 616 1501 tamen
639 1459 726 1520 spero
750 1448 779 1501 te
798 1442 970 1502 tarditatem
987 1443 1068 1505 hanc
1090 1450 1119 1504 et

99 1533 159 1611 ipsi
182 1531 255 1591 mibi
278 1532 423 1609 ingratam
451 1531 551 1591 futura
579 1529 757 1591 certitudine
786 1538 990 1609 pensaturum.
1038 1532 1118 1594 Bene

98 1619 170 1680 vale.
216 1619 287 1701 Ego,
312 1619 390 1699 quod
413 1620 489 1680 iorte
513 1622 646 1700 ignoras,
670 1620 790 1679 domum
813 1619 943 1680 conduxi
966 1639 1067 1700 nuper
1089 1628 1119 1683 et

100 1712 175 1770 situs
198 1717 228 1770 et
247 1710 452 1770 aedificiorum
475 1710 696 1788 opportunitate
720 1707 813 1768 multo
836 1707 900 1789 bac,
925 1727 1014 1788 quam
1039 1729 1119 1772 nunc

99 1799 246 1879 inhabito,
277 1792 523 1877 optabiliorem-⁸4}
571 1797 624 1857 Sic
644 1799 725 1856 enim
747 1814 871 1858 necesse
894 1797 959 1879 fuit,
982 1805 1018 1860 ut
1041 1800 1119 1861 face·

98 1905 172 1967 rem,
196 1905 264 1946 cum
287 1885 388 1965 plures
412 1886 511 1945 futura
531 1892 642 1946 aestate
666 1885 759 1946 futuri
777 1903 895 1947 mecum
914 1888 976 1948 sint
994 1889 1121 1968 ingenui

98 1977 198 2055 pueri,
229 1977 307 2034 sicut
331 1975 443 2052 aliquot
470 1976 533 2033 iam.
557 1981 588 2034 et
610 1974 712 2035 literis-
734 1974 770 2034 ad
793 1993 841 2035 me
864 1975 1066 2054 perscribitur
1089 1985 1119 2038 et

98 2065 212 2123 nuntiis
237 2063 433 2142 significatur,
461 2081 550 2141 quam
574 2065 625 2142 qui
647 2065 764 2142 possint
786 2071 910 2142 angusto
934 2064 999 2126 loco
1023 2069 1120 2128 conti-

98 2154 173 2212 neri.
219 2150 353 2232 Reliqua,
380 2151 433 2212 ubi
460 2151 537 2212 forte
561 2155 801 2233 convenerimus,
829 2171 960 2232 agemus.
1005 2154 1120 2218 lterum

98 2240 173 2322 vale,
197 2243 307 2321 optime
331 2240 572 2320 baumgartnere;

144 2342 184 2430 (N
191 2341 445 2433 orimbergae),
478 2364 516 2409 ex-
542 2366 664 2409 musaeo
688 2343 823 2409 nostr0⁸⁵
839 2348 915 2412 xllt
942 2348 1006 2413 llal.
1033 2351 1120 2414 Febr.

98 2436 265 2497 MDXXVll.

665 2526 760 2587 Tuus
784 2525 949 2587 Eobanns
972 2526 1075 2590 Hess.

278 2730 332 2800 20.
354 2731 435 2800 llob.
458 2732 579 2800 Hessus
602 2734 640 2802 H.
663 2734 938 2822 Baumgartnero.

100 2854 383 2928 (Norimbergae).
904 2863 928 2912 7.
948 2856 1017 2928 apr.
1038 2863 1119 2916 1528.

164 2950 314 3011 Ornatiss'.v
332 2952 396 3010 viro
421 2950 541 3011 domino
564 2950 744 3030 Hieronymo
763 2949 997 3030 Baumgartnero
1021 2959 1118 3018 amico

98 3059 215 3101 summo
240 3058 302 3101 suo.

165 3129 194 3188 S.
217 3128 352 3196 Assiduis
376 3147 410 3189 ac
432 3146 527 3208 paene
551 3128 732 3208 quotidianis
756 3127 1045 3208 interpellationibus
1070 3153 1118 3195 me

97 3223 186 3295 urget
209 3235 242 3276 ac
266 3224 381 3277 tantum
404 3235 469 3278 non:
489 3219 576 3298 cogit,
599 3225 633 3278 ut
656 3234 710 3277 suo
734 3219 853 3277 nomine
873 3217 908 3278 ad
930 3224 958 3280 te
979 3220 1119 3304 scribam,

97 3303 132 3364 N.
156 3300 391 3388 Theophilus*),
419 3309 505 3367 cuius
528 3308 627 3385 gratia
645 3308 704 3365 iam
727 3323 787 3365 non
811 3305 903 3367 semel
925 3313 956 3367 te
979 3309 1053 3392 adii,
1078 3315 1121 3373 ita

169 3496 196 3564 *)
213 3491 344 3547 Nominis
362 3491 499 3548 memoria
517 3493 626 3549 incerta
644 3496 696 3551 est.
