2370 3840
121 177 162 241 76
553 178 574 230 l.
595 175 708 232 Gruteri

120 326 229 387 Verum
254 327 320 405 quis
344 333 399 407 est,
422 328 453 386 in
477 344 565 404 quem
590 328 688 386 omnia
708 326 858 387 confluant
876 345 952 406 pura
969 336 1053 411 puta,
1078 333 1141 391 sine

120 416 180 477 ulla
208 415 272 476 labe
300 411 392 476 mali?
428 415 535 475 Notam
558 415 639 475 illam
661 422 767 495 pensat
789 416 892 477 multis
916 417 985 478 aliis
1010 422 1140 498 egregiis

120 506 253 585 prolecto
273 504 402 585 dotibus,
421 523 494 583 quas
513 504 560 565 vel
576 507 608 565 in
621 505 707 565 hoste
722 508 829 566 merito
843 505 1011 589 laudemus,
1030 509 1139 570 nedum

121 596 153 656 in
176 595 286 674 Lipsio.
322 592 463 654 Pluribus
485 594 561 654 hanc
585 612 649 654 rem
668 601 768 655 tecum
787 613 915 677 agerem,
938 598 1001 657 nisi
1020 616 1057 657 eo
1076 600 1139 677 ipso

121 686 250 746 iacerem
282 682 503 744 amabilissimis
534 685 595 744 tuis
626 683 761 744 moribus
793 686 934 745 iniuriam
965 687 1139 766 insignitam

121 781 262 852 tanquam
286 775 330 832 eis
353 771 476 833 diffisus.
516 771 581 834 Etsi
605 774 685 833 enim
708 774 767 833 iam
790 773 903 834 dudum
925 780 955 834 te
980 793 1088 836 noram
1106 794 1138 836 er

122 864 235 941 ingenii
258 863 331 922 viris
354 865 564 942 monumentis,
588 869 618 922 at
640 869 674 922 ut
696 879 794 941 nuper
816 869 846 923 et
868 865 964 923 vivam
988 882 1094 925 vocem
1112 872 1138 924 et

123 953 327 1012 comissimum
353 950 467 1012 vultum
495 952 582 1012 audio
611 950 846 1033 amplectorque,
876 951 951 1013 nihil
979 971 1042 1014 non
1070 954 1139 1014 mibi

122 1041 287 1121 persuadeo
315 1040 351 1100 de
380 1047 430 1101 tua
457 1040 648 1101 humanitate.
693 1040 821 1101 'lantum
848 1040 945 1102 dolori
972 1050 1033 1124 est,
1064 1042 1137 1123 quod

123 1133 155 1190 in
182 1129 281 1191 reditu
309 1132 381 1190 item
408 1129 444 1188 ad
468 1147 523 1189 nos
546 1148 606 1190 non
630 1129 806 1210 deverteris,
836 1149 894 1210 quo
918 1130 1058 1192 licuisset
1080 1151 1136 1192 mu·

124 1237 206 1279 seam
242 1221 321 1278 inter
352 1236 406 1277 nos
439 1220 543 1278 initam
576 1217 805 1279 familiaritatem
837 1218 974 1299 pluribus
1008 1221 1136 1282 stabilire

125 1307 240 1367 officiis.
287 1307 395 1366 Verum
424 1308 502 1385 quod
531 1326 631 1367 coram
659 1308 825 1390 nonlicet,
849 1308 951 1369 licebit
975 1327 1136 1390 speroper

124 1398 206 1456 vocis
244 1395 487 1474 qualemcumque
519 1397 680 1475 imaginem
712 1403 875 1458 atramento
908 1397 1028 1459 chartae
1063 1417 1135 1460 com-

124 1488 261 1566 missam,
293 1487 319 1545 si
351 1503 411 1544 non
442 1487 567 1566 sarcire,
600 1492 630 1545 at
657 1484 832 1546 adumbrare
861 1494 969 1548 tamen.
1017 1487 1086 1549 Vale
1111 1494 1136 1547 et

125 1575 218 1655 salve,
245 1577 291 1634 vir
314 1576 583 1655 praestantissime,
609 1581 640 1634 et
661 1576 737 1634 meis
760 1575 858 1636 verbis
882 1575 1042 1656 plurimam
1065 1576 1135 1638 salu·

125 1672 186 1726 tem
209 1664 281 1724 Dno.
304 1658 511 1745 Praetorio³⁶⁶,
539 1683 627 1742 quem
655 1665 681 1725 si
710 1665 800 1724 suada
826 1672 876 1726 tua
899 1683 935 1725 eo
959 1667 1135 1744 perduxerit,

126 1762 159 1815 ut
191 1756 280 1814 etiam
313 1755 443 1814 carmine
477 1752 596 1831 lugubri
623 1761 823 1832 prosequatur
850 1757 1057 1833 praeceptoris
1082 1755 1135 1815 mei

126 1842 221 1923 Lipsii
242 1861 359 1922 manes,
383 1844 619 1921 expectationem
641 1860 737 1902 meam
761 1842 797 1903 de
821 1850 944 1904 naturae
967 1850 1037 1906 tuae
1060 1843 1133 1904 boni-

126 1938 186 1991 tate
211 1930 298 2010 plane
322 1929 500 2009 impleveris

172 2036 448 2118 Heidelbergae,
472 2037 520 2098 die
544 2037 578 2098 X.
602 2037 672 2097 Maii
694 2037 817 2098 Mocvi.

370 2143 451 2205 Tuus
475 2152 526 2205 tuo
550 2146 658 2206 merito
681 2151 762 2205 totus
785 2144 891 2206 lanus
915 2145 1097 2209 Gruterus.

195 2269 236 2330 De
260 2268 461 2330 Rittersbusio
488 2277 588 2330 tecum
611 2271 717 2329 sentio.
764 2268 984 2350 Intempestivis
1008 2271 1131 2334 lucubra-

128 2359 260 2421 tionibus
298 2358 356 2419 sibi
388 2359 548 2422 damnosus
580 2359 632 2418 liet
664 2365 693 2418 et
724 2357 825 2418 nobis‘
844 2359 992 2420 omnibus.
1043 2361 1131 2440 ltaque

128 2448 207 2528 quod
227 2451 259 2508 in
277 2466 325 2508 me
345 2451 411 2530 erit,
429 2467 490 2508 non
509 2446 631 2508 cessabo
651 2465 772 2507 monere
792 2451 921 2509 amicum
940 2448 1033 2511 illum.
1067 2445 1131 2522 Quid

128 2539 210 2597 enim
237 2536 438 2598 inconsultum
466 2538 560 2614 magis
589 2554 678 2616 quam
705 2537 746 2595 ita
774 2536 893 2599 studere
920 2537 1010 2620 velle,
1037 2546 1071 2600 ut
1091 2538 1132 2598 dio

130 2625 238 2686 deinde
262 2623 382 2685 studere
406 2621 610 2704 nequeamus?

397 2867 447 2937 59.
479 2870 504 2937 I.
529 2869 688 2939 Gruterus
713 2868 748 2937 a.
770 2869 881 2936 Remo.

128 2975 390 3046 Heidelbergoe.
916 2979 957 3029 10.
976 2975 1051 3030 Maii
1068 2976 1134 3030 mor.

198 3089 337 3150 Nobiliss
365 3087 478 3148 clariss.
508 3089 570 3147 viro
599 3086 685 3167 Duo,
713 3086 785 3148 Dno.
814 3085 941 3165 Georgio
969 3087 1065 3150 Remo
1085 3083 1136 3150 10⁰⁰

130 3185 162 3238 et
180 3172 305 3238 consili⁰
323 3179 436 3257 patriae
455 3195 525 3238 suae
546 3176 677 3256 digniss,
695 3175 768 3237 lino.
787 3174 826 3255 pl.
846 3174 908 3236 obs.
923 3175 1136 3258 Norimbergae.

131 3298 172 3308 —
193 3269 308 3343 Accepi
329 3268 362 3327 Χ
369 3267 399 3327 V.
421 3268 506 3328 Iunii
526 3265 626 3326 1607.

199 3353 227 3414 S.
250 3353 282 3414 P.
327 3353 379 3413 Vir
402 3352 600 3415 nobilissime!
639 3353 744 3414 Miram
767 3355 798 3436 in
821 3360 850 3413 te
874 3371 1003 3431 agnosco
1027 3356 1138 3436 protby·

122 3444 229 3524 miam,
264 3444 316 3522 qui
349 3441 427 3504 ultro
456 3445 589 3526 oggeris,
621 3443 702 3524 quoti
728 3440 978 3504 ambitiosissimis
1007 3444 1139 3524 precibus

102 3531 189 3592 mr'br'
214 3533 449 3616 mapetrandum
481 3543 563 3620 erat,
591 3534 734 3598 conierre
758 3528 878 3590 scilieet
893 3531 1019 3587 tertiam
1030 3522 1140 3590 mirari
