2370 3840
108 168 153 232 94
501 170 536 226 Η.
555 169 728 240 Thederingi

110 318 188 398 quod
212 336 262 378 eas
286 317 345 378 sibi
368 321 582 380 communicari
604 321 693 381 unioe
717 339 733 380 a
756 338 804 380 me
827 322 958 399 petierit
990 320 1066 380 Hane
1085 327 1109 379 ut

108 410 166 486 ipsi
197 426 252 486 per
283 407 427 468 famulum
459 427 546 469 suum
578 409 609 469 Α.
639 408 743 469 Vestra
771 408 909 470 exbiberi
940 417 1036 491 curet,
1064 426 1107 487 qua

109 496 201 556 debeo
222 496 420 558 submissione
439 505 469 558 et
488 497 675 558 observantia
694 516 775 576 rogo.
813 497 892 579 Vale,
910 498 963 559 Vir
981 497 1105 578 Ampliss,

108 584 217 646 Fautor
240 585 381 668 Optume,
413 587 491 648 salve
515 589 604 648 etiam
635 606 652 647 a
676 586 811 647 salutatis
834 606 945 669 nuper,
972 588 1002 649 h.
1024 607 1045 647 e.
1065 585 1103 645 llo.

108 669 286 757 vohlin0⁴⁵³,
309 674 518 757 Rittersbusio,
540 669 713 756 Hoppi0454,
736 675 828 754 Copio
853 684 908 736 eto.

154 781 334 863 Altorphi,
359 778 409 842 13.
429 781 551 846 Calend.
572 781 664 842 Maias
688 802 730 842 ao.
758 779 853 845 1616.

111 886 215 948 Vester
239 891 320 948 omni
343 891 462 949 nomine
481 889 705 950 Hermannus
725 889 952 969 Tederingus
971 889 1099 950 Dantisc.

339 1165 390 1243 ll„
414 1167 452 1236 H.
475 1136 704 1256 Tbederingns
727 1168 763 1237 a.
786 1168 898 1238 Remo.

106 1288 280 1358 arrorpm.
914 1297 939 1348 e.
958 1290 1096 1347 um1oo.

173 1431 202 1445 ..
231 1384 358 1464 Georgio
386 1385 478 1447 Remo
503 1434 532 1447 ..
560 1386 644 1466 Reip.
673 1386 860 1466 Norimberg.
890 1387 1056 1448 Consiliario
1074 1425 1097 1441 ..

106 1472 309 1553 Noribergam.
341 1475 428 1535 duim
450 1474 636 1555 billingbole.

173 1563 304 1624 Salutem
332 1572 362 1624 et
384 1564 617 1626 observantiam.
658 1564 876 1644 Respondendo
904 1565 1001 1627 literis
1025 1556 1097 1638 Ampl

105 1653 237 1734 Vestrae,
260 1653 431 1715 Clarissimo
454 1653 507 1714 Dn.
531 1653 563 1714 D.
586 1653 688 1735 Reme,
715 1654 824 1715 Fautor
846 1654 1031 1734 honorande,
1056 1663 1099 1712 non

104 1751 204 1803 tamen
236 1744 416 1825 respondeo,
449 1745 520 1823 quia
551 1746 713 1823 spirantem
743 1746 777 1803 in
809 1746 876 1804 istis
909 1744 1100 1805 humanitatem

104 1831 239 1891 Vestram
253 1832 353 1892 verbis
368 1835 485 1912 assequi
501 1850 562 1893 non
581 1832 677 1913 datur,
695 1833 806 1893 nedum
819 1832 997 1894 retribuere.
1019 1831 1102 1909 Neque

104 1938 235 1998 unquam
267 1927 349 1980 tanto
383 1923 477 1981 amori
509 1928 539 1981 et
566 1917 660 1982 favori
691 1939 794 2001 parem
820 1939 967 2001 reponere
998 1922 1103 2002 gratiam

104 2015 217 2087 potero,
231 2010 291 2068 nisi
309 2008 346 2069 ab
360 2009 453 2088 Ampl.
468 2010 581 2092 Vestra,
600 2013 649 2071 oui
663 2029 711 2071 me
725 2017 820 2071 totum
835 2010 929 2071 debeo
948 2018 979 2072 et
997 2008 1103 2081 debebo,

104 2103 215 2157 memet
237 2096 384 2158 liberandi
401 2098 551 2160 tribuatur
568 2101 643 2160 mibi
661 2107 713 2160 aut
731 2099 835 2161 saltem
854 2101 1020 2179 imputetur
1037 2095 1105 2178 eopia

104 2185 202 2266 aliqua
234 2195 265 2248 et
296 2187 420 2248 facultas
452 2195 482 2248 et
514 2191 558 2249 sic
585 2188 622 2250 ab
650 2188 754 2249 eadem
781 2188 885 2250 Vestra
916 2191 1041 2270 virtute,
1070 2181 1106 2248 cui

102 2278 214 2337 moriar
233 2276 489 2358 obstrictissimus,
513 2278 684 2338 exsolvendi
703 2278 836 2339 debitum
855 2285 971 2339 tantum
990 2283 1106 2359 potestas

102 2366 184 2431 mihi,
208 2367 259 2427 tiat
290 2374 321 2427 et
352 2369 445 2446 gratia
473 2385 562 2448 nova,
593 2368 650 2427 boc
677 2373 736 2448 est,
768 2366 946 2427 beneficium
975 2364 1107 2428 beneficio

103 2454 279 2515 cumuletur.
311 2455 431 2517 Gaudeo
450 2463 549 2517 tamen
572 2455 684 2516 bonum
706 2474 754 2516 me
773 2455 927 2534 hucusque
952 2449 1107 2517 nomenab

101 2542 196 2621 dmpl.
220 2543 323 2604 Vestra
346 2545 488 2626 habitum,
512 2544 591 2625 quod
614 2562 675 2604 non
698 2543 872 2624 appellando
890 2544 1004 2606 malurn
1022 2553 1107 2606 tamen

101 2649 163 2691 non
186 2632 245 2713 fiat,
268 2650 357 2710 quam
376 2636 623 2694 existimationem
647 2633 683 2693 de
707 2652 754 2694 me
776 2633 875 2694 lovere
895 2641 925 2695 et
943 2645 1107 2695 conservare

102 2723 225 2802 cupiens
254 2721 364 2781 involvi
390 2723 439 2783 bic
466 2741 604 2783 nummos
631 2740 685 2802 pro
713 2721 799 2782 libris
826 2724 885 2782 iam
912 2725 1063 2784 tramissis
1087 2723 1108 2778 et

100 2830 160 2873 uno
193 2811 289 2873 adbuc
321 2813 526 2893 tramittenda,
558 2811 652 2890 Ampl.
680 2811 801 2872 Vestrae
829 2809 960 2892 debitoS,
994 2823 1108 2891 quorum

101 2919 216 2962 summa
248 2907 294 2962 est
325 2895 380 2982 VV,
404 2899 437 2960 R.
470 2907 500 2961 et
524 2898 565 2962 13
594 2902 703 2979 orueig.
749 2899 949 2960 Exsolvissem
982 2919 1031 2961 me
1063 2899 1109 2960 hoo

101 2990 201 3052 debito
225 2993 328 3072 eitius,
356 2990 408 3050 sed
433 2990 547 3071 deerat,
575 2991 627 3069 qui
649 2989 838 3070 transferret,
865 2988 955 3049 homo
980 2989 1109 3064 idoneus3

99 3099 196 3159 neque
216 3082 296 3141 enim
315 3082 380 3140 sine
399 3078 531 3158 periculo
554 3081 712 3158 pecuniam
731 3077 792 3138 sola
812 3095 924 3158 papyro
949 3080 1110 3139 investitam

101 3171 268 3230 carrucario
292 3168 433 3230 concredi
455 3185 543 3247 posse
567 3167 728 3228 arbitratus
751 3185 826 3228 sum.
858 3165 945 3227 Nune
965 3175 1066 3246 optato
1084 3181 1109 3226 se

100 3254 207 3317 obtulit
226 3259 418 3336 sympatriota
437 3256 521 3317 hicoe
540 3274 625 3317 meus
639 3255 763 3317 lacobus
783 3255 924 3337 Noehius,
947 3258 1002 3335 qui
1020 3255 1109 3317 adhue

99 3343 135 3405 ab
159 3347 267 3405 itinere
290 3344 449 3407 Rorussioo
469 3345 553 3426 oalet,
575 3363 611 3405 er
629 3347 733 3425 paucis
752 3343 861 3405 abbino
879 3344 987 3406 diebus
1005 3344 1043 3405 ad
1062 3359 1111 3405 nos

91 3432 216 3516 appulit,
238 3451 305 3495 rem
328 3434 499 3496 studiorum
522 3452 646 3496 suorum
668 3433 746 3514 apud
768 3451 823 3494 nos
846 3433 995 3513 Altorphii
1013 3441 1110 3495 auctu·

70 3539 133 3583 rus
159 3531 194 3586 et
220 3523 313 3588 libris
348 3528 572 3590 sacratissimis
606 3531 788 3606 operaturus
812 3520 927 3580 sedulo.
964 3522 1029 3590 Qui
1052 3537 1115 3582 enm
