2370 3840
80 187 144 252 134
397 189 431 244 Η.
450 187 623 259 Thederingi
641 187 779 258 epistolae

43 400 56 413 κ
76 340 110 398 in
123 336 222 399 Germ.
241 337 313 399 illud
333 339 516 418 ingeminare
530 339 660 418 possint:
674 336 755 398 nulla
769 335 850 398 salus
864 335 953 397 bello.
988 335 1081 398 Unitae

77 428 247 506 provinciae
274 424 369 506 Belgii
396 427 526 488 indutias
553 426 666 508 aliquot
692 443 838 487 annorum
867 444 937 487 cnm
964 424 1079 506 Hispano

77 517 206 576 initurae
232 515 385 598 dicuntum
414 535 473 596 quo
496 523 618 598 eventu,
641 518 723 595 ipsae
745 515 890 596 viderint,
918 533 994 594 quae
1016 511 1077 575 bello

79 612 214 665 cessante
238 605 274 665 ad
295 607 428 666 internas
447 605 651 666 dissensiones
670 611 700 666 et
718 604 882 665 seditiones
900 603 1075 684 propendent.

78 692 207 755 Tantum
220 693 277 755 hac
290 696 354 755 vice
369 693 468 776 debui,
486 693 576 776 volui,
589 696 770 773 remigrantc
784 692 822 754 ad
836 711 908 754 suos
918 691 972 754 Dm
981 691 1072 753 Fridcr.

77 776 298 864 Endoriero⁵²⁹,
325 781 403 843 Patr.
422 783 543 862 August
589 783 635 844 'l'u
660 785 692 843 in
715 781 829 844 similes
852 785 1022 844 occasiones
1040 782 1071 839 in·

78 878 179 932 tentus
202 871 351 933 desiderio
374 889 441 932 meo
465 871 592 933 subinde
615 872 787 933 satisfacere
809 873 997 953 memineris,
1017 885 1069 949 quas

77 959 156 1040 apud
188 959 391 1042 Cleweinium,
413 960 508 1040 Magn.
531 960 655 1022 Dilhern
687 960 796 1022 aliosve
829 967 1010 1022 mercatores
1031 955 1068 1017 tihi

75 1056 163 1110 notos
190 1049 344 1129 explorare
371 1052 494 1130 poteris.
540 1049 572 1111 B.
591 1049 623 1111 V.
647 1068 715 1111 cum
742 1067 836 1111 uxore
864 1056 895 1110 et
922 1049 1030 1128 liberis,
1049 1045 1067 1103 si

76 1156 152 1217 quos
183 1137 283 1199 habes.
335 1138 466 1201 Salutem
498 1157 535 1199 ex
567 1156 615 1199 me
643 1140 894 1200 officiosissimam
921 1135 1068 1200 doctoribus

77 1233 107 1286 et
139 1228 243 1287 amicis
275 1230 351 1287 meis
378 1227 530 1289 Altorfinis
558 1247 592 1289 ac
616 1227 888 1308 Noribergensihns
916 1221 1026 1312 (ubiubi
1044 1222 1082 1304 in

77 1332 129 1374 eos
151 1309 308 1399 incideris)
332 1319 444 1378 nuntia.

121 1437 193 1506 Dah.
215 1438 393 1522 liantisci‚
417 1439 444 1500 d.
463 1435 578 1502 cantati
596 1459 621 1502 a.
642 1437 736 1504 1633.

196 1563 277 1625 Tuus
301 1582 337 1625 ex
360 1564 419 1625 fide
442 1567 564 1645 antiqua
586 1565 809 1627 Hermannus
832 1564 1035 1641 Tehdering.
