2370 3840
122 156 164 220 58
553 154 575 208 I.
595 150 709 208 Gruteri

121 308 173 366 det
195 312 292 366 morte
312 302 496 366 commelini.
534 303 628 382 Saepe
651 310 751 363 tamen
771 303 917 383 Scoppius
936 305 1040 364 invitis
1059 303 1141 366 MSS.

122 388 218 455 eos²⁷⁴
243 397 314 455 citat
337 393 373 453 ad
396 395 609 473 testimonium,
633 392 712 471 quod
735 392 852 473 accidit,
875 397 937 454 sive
957 393 1038 472 quod
1059 402 1142 474 typo-

121 484 252 564 graphus
279 483 328 544 hic
356 480 509 561 negligens
538 484 624 560 sequi
654 482 869 560 autographum
899 486 1047 564 auctoris,
1083 487 1142 544 sive

122 573 200 652 quod
225 575 288 652 ipse
312 574 412 632 minus
435 577 590 632 assecutus
613 570 718 631 lituras
741 574 786 631 tui
809 572 930 633 codicis.
968 571 1083 633 Verum
1107 575 1141 634 de

121 662 168 723 bis
192 662 272 723 alias.
318 661 442 722 Interim
465 659 600 721 eiusdem
622 655 901 738 peregrinationi²⁷⁵
923 663 1022 722 fausta
1043 667 1142 724 omnia

121 771 236 832 precor.
274 751 418 829 Quodque
437 750 566 809 hortaris
590 767 641 808 eos
660 749 826 831 retundam,
850 753 902 829 qui
920 751 1028 812 latiore
1049 755 1141 813 inter·

121 843 287 920 pretatione
317 839 389 901 illud
419 833 568 899 ‘doctores
591 834 762 899 inlrunitos'
795 838 946 921 vellicant,
979 860 1043 902 non
1068 862 1141 924 opus

122 950 192 991 sano
217 937 274 1011 est3
298 948 395 1008 neque
419 930 499 988 enim
523 927 627 1004 dignos
651 927 789 1009 arbitror,
814 929 922 1008 quibus
944 929 993 990 vel
1017 935 1141 994 unicum

121 1019 275 1079 ostendam
290 1011 500 1100 genuinum*).
523 1016 666 1077 Homines
681 1016 831 1078 ambitiosi
845 1037 983 1080 cresccre
995 1031 1140 1101 cuperent

121 1128 157 1169 ox
180 1109 227 1168 bis
251 1111 338 1188 ipsis,
366 1116 396 1167 et
418 1099 632 1167 Ladislaum²³6
659 1109 768 1168 acriter
794 1126 892 1187 nuper
919 1108 1008 1169 audio
1038 1131 1140 1191 repre·

120 1198 261 1276 bensum,
285 1196 364 1274 quod
387 1199 572 1256 iuventutem
595 1213 680 1256 suam
703 1196 823 1257 doceret
845 1195 928 1276 loqui
950 1217 1021 1260 oum
1045 1211 1139 1263 matre

120 1285 260 1345 Euandri.
305 1284 341 1344 Ei
365 1304 381 1345 a
404 1303 451 1344 me
480 1285 547 1344 data
574 1287 728 1345 occasione
756 1285 794 1364 pl.
819 1285 952 1348 salutem.
1000 1288 1139 1352 Nondum

120 1373 206 1454 plano
239 1373 449 1433 dememinerit
481 1392 567 1452 spero
602 1373 833 1455 colloquiorum,
871 1394 946 1454 quae
979 1377 1139 1440 habuimus

120 1472 188 1524 aute
213 1465 449 1542 quinquennium
473 1457 670 1523 Scuselitii²²⁷
693 1471 785 1543 utque
813 1464 920 1526 deinde
944 1468 1138 1547 interpellan-

121 1553 200 1614 tibus
225 1553 332 1613 littcris
355 1551 387 1613 D.
411 1552 585 1612 Hartmanni
604 1551 729 1613 Pistoris
752 1555 849 1632 ipsum
870 1554 905 1614 de
925 1555 1051 1617 meliore
1071 1568 1139 1620 nota

121 1643 388 1703 commendaverim
426 1642 604 1704 consiliariis
640 1640 837 1702 Illustrissimi
877 1647 974 1704 nostri
1015 1648 1139 1709 intimis.

119 1733 268 1811 Cuperem
299 1751 369 1792 sane
400 1732 508 1792 elicere
537 1733 603 1790 eius
631 1730 667 1790 ad
697 1750 745 1791 me
772 1729 887 1812 literas,
920 1751 1010 1813 quem
1039 1740 1139 1817 magni

119 1823 244 1881 aestimo
268 1829 298 1881 et
321 1839 358 1880 ne
378 1839 430 1879 sex
450 1820 569 1899 quidem
587 1819 622 1879 H.
642 1819 800 1899 Stephanis
818 1830 1022 1900 permutatum
1040 1826 1139 1907 velim,

120 1927 247 1987 quorum
275 1916 374 1969 tamen
402 1927 480 1968 unns
511 1908 559 1968 illc
583 1908 752 1969 breviculus
776 1928 872 1989 nuper
894 1907 1005 1975 tunm.
1053 1915 1138 1987 Quod

119 1997 156 2057 ad
179 1997 308 2075 pagellas
327 1996 462 2077 Oppiani,
486 1996 562 2057 libro
582 1996 745 2079 subtexam,
768 1999 821 2060 ubi
839 2007 956 2081 nactus3
980 2021 1037 2064 nec
1058 2007 1138 2066 enim

120 2087 169 2147 hic
198 2086 384 2165 exemplaria.
430 2085 529 2146 Unum
557 2094 633 2167 erat,
664 2088 741 2166 quod
772 2087 893 2150 abstulit
922 2091 997 2151 mibi
1027 2093 1138 2155 volenti

120 2175 232 2236 nolenti
264 2175 422 2236 Frcborus.
468 2176 568 2254 Aeque
602 2182 701 2236 tamen
732 2176 787 2237 tibi
820 2177 926 2259 debeo,
958 2188 994 2241 ut
1026 2184 1054 2242 si
1088 2193 1138 2245 tuo

119 2268 239 2326 nomine
264 2268 388 2325 missum
412 2267 601 2344 recepissem.
637 2264 792 2326 Voluntate
811 2269 901 2349 enim,
924 2275 957 2329 ut
980 2269 1040 2352 ille,
1066 2273 1138 2334 obli-

120 2374 233 2436 gamur,
257 2374 315 2416 non
340 2348 426 2415 rc²⁷⁹.
460 2353 564 2415 Colero
588 2353 720 2432 gratulor
738 2355 895 2417 honestum
914 2355 1069 2422 locum²⁸⁰.
1103 2362 1139 2422 Et

120 2444 191 2522 quid
216 2445 325 2504 factum
349 2446 414 2504 eius
438 2443 580 2523 Salustio,
609 2461 697 2521 quem
725 2444 856 2522 praefert
880 2445 1037 2527 Catalogus
1062 2470 1138 2512 nun·

118 2526 315 2612 ‹tina1·11m2⁸¹,
339 2533 390 2592 sed
410 2551 497 2592 nemo
521 2539 621 2592 tamen
643 2531 797 2598 hominum
816 2533 901 2596 vidit!
925 2534 967 2596 be
986 2536 1137 2618 Lipsianis

119 2628 153 2681 tu
176 2638 264 2680 verns
289 2622 440 2680 coniector
464 2640 518 2681 nec
538 2639 612 2699 opus
630 2620 813 2703 probatione,
837 2624 910 2684 adeo
930 2643 961 2685 se
981 2628 1014 2687 in
1033 2630 1138 2710 oculis,

118 2711 150 2770 in
174 2711 289 2790 animis,
313 2711 344 2769 in
368 2709 489 2769 auribus
513 2709 592 2769 ultro
616 2713 731 2788 oggerit
753 2719 783 2771 et
800 2719 902 2773 tuetur
920 2712 1020 2775 locum
1039 2735 1136 2779 suum.

119 2800 151 2860 Si
175 2799 230 2859 tibi
254 2802 347 2860 otium
371 2807 429 2880 est,
458 2816 580 2879 quaeso,
608 2806 641 2858 ut
669 2818 684 2859 a
707 2801 767 2859 tuis
796 2808 826 2861 et
853 2821 869 2862 a
893 2800 1020 2864 Gentilis
1042 2805 1137 2868 lllusis

118 2881 208 2972 (quas
240 2888 296 2949 boc
329 2890 393 2967 ipso
422 2888 502 2947 mille
537 2887 681 2948 salutibus
713 2888 901 2951 honestiores
933 2910 1000 2953 esse
1032 2891 1136 2980 cupio)

117 2985 232 3039 tantum
256 2981 412 3058 impetres,
440 2984 473 3038 ut
501 2978 682 3055 epigramma
710 2977 784 3038 mibi
812 2978 924 3041 donent
946 2983 978 3042 in
1002 2982 1137 3046 libellum

118 3086 217 3128 mcum
236 3086 303 3127 mox
323 3066 480 3146 edendum,
500 3067 548 3124 cui
567 3084 674 3126 nomen
689 3063 858 3148 maneam,
877 3078 1051 3133 contentum
1065 3093 1137 3136 vero

118 3154 275 3216 bestiolam
307 3155 387 3215 illam
419 3154 570 3233 exemplar
602 3173 669 3214 esse
701 3158 847 3236 principis
880 3158 1138 3225 absolutissimum

119 3242 207 3320 idque
232 3246 258 3303 si
277 3246 474 3325 imitarentur,
497 3262 565 3304 vere
585 3251 687 3304 essent
704 3253 839 3322 pastores
857 3248 1045 3328 populorum
1079 3253 1137 3314 Sed

118 3332 176 3390 iam
199 3332 381 3412 interpellor.
426 3331 494 3393 Vale
518 3334 618 3410 itaquo
642 3341 672 3393 et
696 3333 773 3395 salve
798 3355 866 3397 cum
889 3340 963 3422 tuis,
987 3343 1138 3422 imprimis

116 3453 331 3462 ——-—-

174 3519 202 3589 ⁴⁹)
221 3517 290 3577 Ood.
307 3523 473 3594 pancirolus.
