2370 3840
103 161 159 227 ,10
549 162 696 233 Epistolae
779 126 782 131 Δ

110 313 261 394 precibus,
284 315 360 374 votis
384 320 471 394 atque
492 314 574 375 omni
592 315 684 376 animi
703 316 816 394 impetu
835 314 926 375 aDeo
946 314 1131 377 contenden-

110 404 182 464 dum
206 411 261 463 est.
298 402 356 465 Sed
380 401 568 482 querelarum
591 405 672 464 satis.
708 403 742 464 ln
761 403 845 464 ltalia
868 405 953 484 quies
977 423 1011 464 ac
1036 406 1131 467 otium

111 500 166 554 est.
204 492 288 563 Quod
308 494 335 552 si
354 494 432 553 scire
451 493 546 572 cupis,
569 511 645 572 quae
664 492 871 572 superioribus
890 493 1047 555 mensibus
1067 503 1131 556 acta

111 589 189 663 sunt,
212 589 280 661 pete
304 579 473 660 exemplum
495 599 630 643 mearum
648 581 801 644 literarum
820 581 858 642 ah
875 581 1017 644 Hertelio.
1057 582 1129 644 Novi

111 671 181 733 libri
203 672 252 731 hic
275 673 363 749 pauci
386 677 464 751 sunt,
488 672 547 732 nisi
570 689 645 750 quos
663 671 809 750 praebent
832 671 990 733 Germania
1013 680 1045 733 et
1065 671 1130 733 Gal·

109 760 157 822 lia.
188 759 296 821 Paulus
320 759 386 820 Aldi
408 759 449 840 F,
472 761 590 820 iuvenis
614 761 844 841 eruditissimus
869 768 995 822 conatur
1012 769 1129 823 restau-

110 868 177 911 rare
201 849 352 910 officinam
374 856 536 928 paternam,
561 848 614 910 sed
636 849 732 911 adhuc
755 858 875 929 praeter
893 849 1050 912 Ciceronis
1070 853 1130 931 epi-

18 962 25 972 ‘
109 939 214 1020 stolas,
238 957 275 999 ex
293 938 430 1018 plurimis
449 940 574 999 vetustis
593 939 776 1020 emendataS,
801 939 922 1001 excudit
940 939 1024 1020 nihil,
1050 940 1129 1020 quod

109 1031 201 1090 sciam
226 1021 321 1106 egofl.

198 1153 349 1212 Bornerus
377 1151 500 1213 meliore
528 1151 696 1213 valetudine
727 1152 834 1232 dignus
863 1159 939 1234 erat3
969 1152 1015 1213 illi
1039 1156 1129 1215 etiam

109 1250 198 1321 atque
227 1243 317 1301 etiam
345 1241 522 1322 curandum,
555 1259 592 1301 ne
621 1241 753 1302 thermae
781 1248 877 1302 morte
906 1260 994 1321 opem
1022 1243 1128 1323 lerant,

109 1332 189 1411 quod
208 1329 310 1391 multis
330 1332 441 1390 scimus
460 1332 642 1409 contingere.
674 1330 746 1391 Eius
765 1330 876 1412 literas,
900 1350 1026 1410 quarum
1046 1351 1128 1393 men-

109 1423 222 1481 tionem
245 1419 327 1500 iacis,
350 1437 411 1479 non
435 1422 544 1498 accepi,
569 1419 647 1498 quod
670 1438 730 1480 non
753 1439 858 1499 parum
877 1421 952 1480 mihi
974 1419 1128 1483 molestiae

109 1511 223 1591 adfert,
246 1526 315 1569 nam
337 1527 398 1568 non
416 1515 515 1588 potest
533 1527 593 1569 non
613 1527 678 1569 esse
699 1528 787 1588 quam
806 1511 1017 1592 gratissimum,
1043 1511 1128 1590 qnid·

109 1599 180 1679 quid
199 1599 235 1659 ab
255 1616 290 1658 eo
305 1598 514 1680 proficiscitur,
537 1600 623 1660 cuius
642 1600 673 1658 in
688 1616 735 1658 me
754 1605 835 1658 tanta
853 1598 998 1660 beneficia
1017 1608 1127 1661 extant.

107 1688 295 1750 Valentinum
313 1683 525 1749 Hederioum⁴5
547 1694 578 1749 et
595 1687 743 1748 Andream
762 1686 915 1770 Sidelium,
938 1694 1015 1770 tuos,
1038 1695 1074 1750 ut
1093 1709 1127 1750 ex

108 1796 211 1840 eorum
230 1776 364 1838 intellexi
378 1776 483 1857 literis,
502 1777 674 1858 discipulos,
691 1775 747 1837 tihi
760 1776 922 1856 plurimum
937 1779 1128 1840 commendo:

109 1868 189 1928 hunc
213 1865 250 1926 ob
269 1865 409 1926 Matthiae
432 1865 534 1926 fratris
557 1867 589 1924 in
612 1883 659 1925 me
679 1884 809 1927 amorem
829 1873 859 1926 et
878 1866 1019 1949 studium,
1043 1867 1128 1929 illum

109 1955 146 2015 ob
174 1956 268 2035 patris
295 1955 401 2014 merita
429 1960 459 2014 et
491 1955 538 2014 ius
566 1954 718 2015 affinitatis
746 1957 854 2016 merito
885 1955 984 2034 diligo.
1032 1955 1128 2027 Quae-

106 2062 225 2123 cunque
249 2049 421 2103 ornamenta
440 2044 472 2102 in
490 2043 558 2103 illos
582 2043 753 2124 contuleris,
776 2046 874 2105 inme
898 2044 1003 2105 collata
1021 2048 1125 2106 existi-

107 2133 203 2194 mabo.
235 2131 365 2210 Uterque
388 2131 484 2193 honus
508 2140 539 2194 et
561 2132 712 2194 studiosus
735 2135 817 2194 visus
841 2140 895 2214 est,
918 2140 1008 2212 egent
1025 2142 1125 2196 tamen

106 2221 257 2284 interdum
276 2220 449 2283 calcarihus.
482 2221 540 2283 Des
560 2241 679 2301 operam
700 2241 761 2303 oro,
783 2240 821 2282 ne
840 2223 888 2283 vel
905 2241 963 2283 usu
980 2222 1128 2285 malorum

106 2311 153 2373 vel
176 2311 324 2392 aliquibus
347 2311 548 2391 voluptatibus
572 2330 603 2372 se
627 2311 735 2372 abduci
753 2330 769 2372 a
787 2310 998 2390 pulcherrimis
1017 2313 1127 2375 studiis

107 2403 264 2481 patiantur.
292 2399 469 2462 Rescribere
485 2400 604 2462 illorum
618 2399 714 2461 literis
729 2401 785 2461 hoc
799 2407 934 2480 tempore
952 2419 1013 2461 non
1032 2405 1127 2482 potui,

106 2508 199 2568 quare
222 2508 270 2549 me
294 2496 468 2550 excusatum
486 2489 645 2550 habebunt.
685 2488 728 2549 Ne
748 2491 869 2550 omnino
888 2489 962 2551 nihil
980 2508 1126 2553 novarum

107 2596 208 2638 rerum
232 2577 268 2637 ad
291 2585 321 2637 te
345 2579 508 2658 mitterem,
535 2577 597 2638 vidi
619 2596 716 2658 nuper
745 2578 940 2639 excellentem
967 2581 1125 2661 picturam,

107 2686 165 2746 qua
192 2666 320 2726 Venetae
347 2665 432 2726 urhis
459 2684 559 2727 mores
587 2673 656 2727 sunt
686 2671 834 2749 expressi,
867 2686 932 2728 eam
961 2668 1124 2749 depingere

105 2756 193 2818 aliter
216 2773 340 2836 nequeo,
365 2773 454 2834 quam
476 2755 524 2816 his
547 2755 717 2817 versiculis:

172 2899 292 2959 Armata
315 2897 419 2960 dextra
441 2896 547 2960 Veneti
569 2900 679 2977 premit
702 2917 754 2959 ora
776 2898 885 2961 Leonis

238 2988 367 3068 lmperio
390 2994 474 3048 tanto
497 2986 573 3048 iacta
597 2987 725 3066 superba
747 2987 846 3049 Venus

171 3077 407 3157 Demulcensque
431 3095 521 3137 manu
544 3082 708 3156 pectusque
731 3095 906 3156 unguesque
930 3079 1053 3138 sinistra

238 3166 366 3228 Molliter
388 3166 507 3227 insidiis
531 3168 563 3227 in
587 3184 640 3227 sua
662 3168 728 3228 iura
750 3166 850 3227 trahit.

173 3255 249 3315 Tum
271 3256 396 3317 viridem
419 3255 551 3336 praefert
573 3254 710 3335 palmam,
733 3257 868 3316 victricia
891 3256 984 3336 signa,

239 3343 330 3422 Signa
353 3347 401 3408 sui
423 3344 525 3406 Martis
549 3344 721 3424 depositura
745 3346 821 3406 sinu.

172 3432 233 3492 lam
257 3431 394 3512 Neptune
417 3440 502 3495 tuum
524 3434 634 3495 Veneri
656 3433 785 3495 concede
809 3433 979 3514 tridentem,

224 3519 342 3601 Regina
368 3530 416 3585 est
440 3526 529 3605 regni
552 3522 672 3586 scilicet
692 3521 747 3584 illa
765 3525 823 3584 tui.
